3390 4476
92 374 246 505 .⁵⁸·
366 364 1343 475 scortona'necartvruncurrus*
1449 382 1507 499 's

130 616 133 621 ·
166 584 264 690 quae
289 606 340 662 ex
367 580 567 660 traditione
596 590 741 683 patr'um
768 577 814 657 de
838 574 1035 659 beneficiis
1068 599 1109 661 et
1134 579 1245 684 gestis
1278 573 1487 667 numinum

170 692 377 785 noverant,
400 701 441 779 ‚et
455 687 561 763 hilari
578 693 705 762 animo
728 682 997 786 praedicabant.
1056 686 1100 763 ln
1126 683 1226 763 hisce
1251 694 1488 774 ceremoniis
1570 762 1573 767 ,

172 796 264 879 nibil
287 788 532 891 offendimus,
558 787 660 891 quod
680 813 761 866 non
779 785 854 891 ipsa
873 795 990 868 virtus
1009 789 1197 894 approbat.
1225 886 1227 895 ⁴

647 938 891 1048 .§sp

178 1104 182 1111 “
251 1080 454 1165 Crescente
481 1071 617 1155 sensrm'
642 1060 1005 1181 gentium'potentia
1026 1076 1251 1180 urbiumque
1277 1080 1491 1186 opulentia,

174 1199 276 1283 ritus-
288 1205 328 1265 et
341 1185 527 1281 solennia,
547 1180 608 1258 sua
629 1205 781 1283 quoque
797 1196 976 1285 ceperunt
995 1194 1203 1281 augmenta.
1253 1186 1338 1261 Vna
1356 1211 1491 1266 aemu·
1553 1224 1556 1229 ·

172 1297 315 1381 labatur
342 1313 428 1367 cum
448 1287 558 1363 altera
579 1290 708 1363 civitas
730 1302 766 1363 et
819 1284 1042 1385 raesedtura,
1080 1293 1122 1364 in
1142 1287 1370 1385 exornandis
1392 1297 1493 1373 ima·
1570 1282 1616 1339 ·’

173 1399 322 1506 ginibus
343 1407 382 1469 et
409 1387 654 1491 procurandis
680 1312 876 1487 omnidus,
914 1413 1007 1489 quae
1037 1389 1083 1468 ad
1109 1389 1291 1470 festorum
1312 1391 1492 1499 splendo-

119 1536 126 1542 ·
174 1533 256 1584 rem
279 1517 316 1577 et
339 1501 543 1595 majorum,
565 1500 606 1568 in
632 1514 795 1594 quorum
815 1494 1004 1571 honorem
1027 1513 1134 1574 erant
1159 1497 1361 1598 adornata,
1404 1504 1492 1604 glo.

173 1616 266 1687 riam
296 1596 472 1678 conferre
499 1611 681 1698 poterant.
733 1595 968 1697 Aptabantur
995 1617 1100 1675 extra
1122 1608 1319 1680 civitatum
1341 1631 1491 1707 muros,
1534 1682 1566 1702 ,-

173 1704 405 1805 incodlibus,
432 1696 672 1795 nemoribus,
699 1698 760 1774 vel
776 1706 894 1796 arvis,
920 1701 1026 1799 loca,
1053 1722 1162 1784 certo
1182 1705 1296 1811 spatio
1313 1707 1491 1788 deterrui·
1608 1705 1612 1711 ’

173 1831 278 1912 nata,
305 1803 500 1908 aggeribus
521 1798 683 1897 inclusa,
707 1800 772 1878 vbi
790 1799 921 1881 seledia
941 1802 1137 1911 juventus,
1164 1807 1325 1914 figuram
1350 1810 1491 1893 anima.
1604 1800 1608 1805 ’

142 1952 146 1965 ·
174 1922 267 1998 sium
286 1907 459 2017 symbolo
483 1910 606 2009 patrio
629 1899 889 2006 conformem,
920 1907 1099 1991 induebat
1118 1930 1156 1993 et
1178 1913 1275 1996 satia
1299 1934 1336 1997 ct
1358 1926 1493 2001 merita

172 2016 332 2123 hierogi
351 2014 572 2143 Nominum,
593 2014 639 2093 in
658 2007 805 2087 theatro
826 2005 926 2111 quast
942 2014 989 2093 ad
1010 2022 1145 2100 vivum
1160 2022 1385 2104 imitabatur.
1497 2060 1501 2073 =

380 2214 389 2237 ι
617 2196 621 2203 ·
666 2182 669 2187 ’
783 2220 791 2238 .
833 2191 899 2245 ao.
1475 2230 1481 2239 ‚

252 2309 308 2386 In'
321 2299 421 2381 sestis
452 2293 552 2378 Isidis
569 2316 618 2401 et
636 2160 800 2399 ostrado
824 2268 943 2402 ludis,
979 2311 1043 2406 qui
1068 2312 1110 2385 in
1141 2307 1241 2387 hisce
1272 2274 1387 2411 iocis,
1427 2298 1491 2394 s'eu

173 2411 368 2523 palaestris
381 2403 671 2515 peragebantur,
699 2423 810 2512 canes
834 2428 1013 2509 pompam
1034 2411 1306 2493 antecedebam
1334 2420 1397 2514 p),
1425 2424 1490 2516 qui

173 2523 317 2603 surore
343 2509 579 2608 frendentes,
623 2511 664 2582 in
691 2505 759 2607 Ty
786 2506 899 2586 honis
933 2511 1143 2589 monstrum
1174 2513 1389 2593 saeviebant
1414 2524 1515 2614 *tp
1548 2562 1562 2569 -

174 2622 324 2707 Anubis
339 2634 474 2695 canum
491 2612 656 2710 Numen,
674 2604 703 2686 fi
730 2618 737 2632 '
770 2634 869 2691 rmus
884 2606 997 2709 lsrdis,
1013 2615 1182 2690 membra
1200 2613 1358 2690 Osiridis
1374 2642 1485 2710 quaea

175 2736 311 2826 tentis,
342 2744 492 2817 comes,
518 2717 567 2795 ob
591 2713 792 2815 suppetias,
819 2738 909 2812 quas
930 2721 970 2785 in
994 2710 1263 2809 supprimendis
1284 2711 1397 2809 feris,
1419 2715 1482 2789 vel
1592 2738 1594 2743 ,

174 2831 339 2918 hostibus
355 2818 535 2921 Osiridis,
561 2815 710 2922 ejusque
730 2820 851 2918 regno
870 2808 1148 2907 conservando,
1173 2814 1307 2989 quavis
1322 2808 1404 2891 data
1417 2838 1484 2891 oc·

173 2938 342 3033 casrone,
367 2930 472 3026 tulit,
496 2928 627 3004 titulo:
653 2950 701 3002 ra
720 2909 850 3019 torpidos
876 2929 1011 3016 (opaga,
1032 2905 1171 3019 srveKO
1186 2909 1289 2991 iridis
1310 2933 1503 3016 protutos·
1607 2941 1615 2953 ·

94 3074 97 3081 ’
136 3109 139 3117 ,
173 3055 245 3144 ris,
270 3035 450 3122 mactatus
469 3029 532 3110 est.
582 3028 689 3105 Haec
702 3021 1074 3126 Cynopolitanotum
1089 3025 1243 3116 metita,
1264 3042 1354 3094 cum
1375 3022 1486 3101 nullis

174 3149 374 3257 quidquam
396 3135 669 3229 concederent,
703 3129 774 3207 illis
796 3128 1095 3233 praerogativam
1119 3140 1402 3225 compararunt,
1443 3140 1487 3203 vt

174 3279 262 3364 prae
278 3249 430 3351 reliquis
446 3239 639 3327 omnibus,
662 3232 842 3311 ludicram
861 3251 1037 3333 pompam
1049 3223 1325 3341 antecederent.

763 3386 794 3492 p.
846 3415 892 3469 at.
948 3382 951 3387 ’
1161 3338 1172 3383 ¹

250 3538 324 3616 Pro
355 3526 500 3612 diversa
529 3526 705 3605 Deorum
735 3520 909 3619 historia,
950 3516 1172 3616 urbiumque
1187 3525 1230 3591 ct
1252 3509 1501 3615 populorum-

179 3648 345 3741 origine,
380 3631 521 3713 diversa
535 3646 640 3709 erant
653 3630 866 3707 animalium
880 3625 1071 3731 symbola,
1095 3616 1160 3701 sub
1175 3640 1335 3720 quorum
1350 3607 1484 3717 figuris

180 3746 316 3825 ¹eorum
335 3738 429 3818 satia
445 3744 483 3816 et
504 3733 580 3813 fata
601 3732 863 3820 assimulabant.
915 3728 980 3810 Ob
998 3727 1038 3808 id
1062 3725 1277 3821 discrimen,
1302 3742 1383 3796 non
1404 3744 1487 3809 vna

180 3847 383 3946 cademque
403 3849 502 3932 inter
527 3842 739 3941 Aegyptios
758 3853 863 3916 erant
886 3833 997 3935 sesta,
1024 3860 1106 3912 non
1130 3836 1198 3908 vni
1222 3833 1363 3905 titus'et
1377 3847 1488 3903 cere·

159 3956 332 4050 monsac,
352 3972 437 4027 non
454 3941 611 4027 eaedem
626 3942 795 4027 essiones
810 3960 850 4024 et
860 3940 952 4027 iudi.
997 3928 1321 4042 Nisoqoiitanisub
1335 3927 1490 4033 serapis,

109 4064 113 4071 '
507 4130 511 4137 ,
896 4126 903 4135 ‚
1258 4070 1262 4078 ·
1303 4034 1504 4139 bbemq‘rir-

102 4134 1014 4268 “QQWQQQMQK,³

160 4250 236 4392 ΜΞ.
253 4260 369 4392 Ἤ.
407 4267 485 4351 tta.
505 4268 599 4336 vin.
643 4264 841 4341 uenerat.
866 4266 944 4340 ⁶9²·
979 4262 1015 4319 e

1037 4176 1561 4324 ,wffimmffim
