3390 4476
205 386 252 455 30
312 375 465 477 ¹sacr-ro
494 378 554 438 rv.
609 381 661 461 oa
690 346 930 444 aanorassv
960 389 1401 471 cvrrvaaurrrair-vu.
1499 352 1507 363 ⁸

703 586 707 594 '
786 568 821 665 h.
875 594 919 656 31.
1050 620 1065 643 0

282 667 625 780 Patres'primitivae
642 677 811 759 ecclesiae
824 674 1009 791 principiis
1026 690 1291 798 Philosophiae,
1313 719 1510 801 quactum

208 789 387 885 temporis
412 789 451 857 in
473 782 564 858 orbe
586 800 696 884 caput
717 789 933 888 extollebat,
965 795 1170 894 platonicae
1195 801 1381 902 instrusli,
1406 809 1509 890 illius

206 884 339 963 saeculi
358 880 566 986 sapientiam
584 893 675 962 tanti
691 884 874 990 fecerunt,
902 912 944 970 vt
957 920 1037 971 earn
1049 923 1116 997 per
1134 900 1332 984 inferiores
1351 908 1509 1008 angelos

206 995 351 1090 graecis
367 1012 387 1063 a
404 987 488 1063 Deo
508 987 682 1063 daram'et
697 990 885 1093 coelestis,
908 1023 1017 1098 quarn
1030 1000 1204 1082 Cluilius
1226 1006 1373 1108 docuit,
1401 1024 1509 1093 veri-

205 1099 288 1184 tatis
311 1090 465 1195 semirp,
490 1094 531 1163 in
552 1088 616 1191 illa
636 1088 706 1166 esse
729 1095 941 1198 recondita,
967 1108 1044 1180 imo
1065 1105 1168 1205 ipsas
1182 1134 1247 1209 per
1270 1102 1510 1200 Graecorum

202 1192 470 1298 philosophiam
494 1189 587 1293 pasci
610 1200 746 1273 animas
771 1199 967 1299 crederent
988 1208 1049 1302 l),
1076 1204 1152 1284 falfi
1173 1213 1248 1289 hoc
1273 1217 1507 1303 austoritatis
1616 1234 1638 1281 ,·
1666 1232 1671 1238 '

202 1296 451 1398 praejudicio,
474 1291 548 1371 sele
561 1321 607 1372 eo
625 1296 740 1396 abripi
754 1299 842 1399 palli
856 1300 958 1402 sunt,
985 1307 1163 1391 vtdelffia
1177 1312 1507 1427 philosophorum,
1619 1336 1626 1342 .

202 1401 247 1478 de
274 1399 459 1497 religione
481 1414 518 1474 et
548 1396 731 1501 disciplina
759 1413 883 1480 arcani
910 1407 1208 1514 Aegyptiorum,
1247 1424 1398 1502 oracula
1429 1428 1507 1512 else
1637 1424 1658 1447 ⁰

201 1511 421 1606 opinentur,
465 1526 556 1600 quae
580 1526 650 1603 pro
671 1501 820 1581 assumta
848 1509 1335 1614 philosophandimethodo
1363 1532 1506 1637 allego.
1583 1573 1607 1609 -,

190 1617 293 1705 rica,
319 1604 449 1704 susque
474 1605 907 1706 dequeinterpretantur.
960 1614 1056 1694 Boni
1083 1622 1134 1696 illi
1160 1631 1245 1724 viri,
1277 1640 1344 1732 qui
1361 1659 1505 1739 rerum,

195 1735 286 1811 quas
309 1706 528 1805 tractabant,-
556 1705 736 1786 nonsatis
759 1731 865 1791 erant
887 1723 1013 1815 periti,
1040 1727 1263 1809 innumeros
1284 1741 1324 1812 in
1345 1741 1503 1825 eosdem

191 1820 478 1918 praecipitarunt
490 1834 657 1907 errores,
683 1818 746 1912 qui
761 1819 860 1891 inter
880 1829 1108 1926 neotericos,
1134 1853 1269 1915 caecos
1294 1836 1412 1922 hosee'
1434 1845 1503 1927 d'u-
1585 1847 1605 1886 “’“·

191 1942 252 1997 ces
274 1914 484 2023 sequuntur.
536 1915 678 1991 Verum
698 1912 763 1992 illa
787 1917 917 1999 obiter.

696 2122 706 2130 ·
777 2089 810 2186 s·
861 2117 906 2181 32-
1480 2186 1484 2193 ¹

241 2215 511 2305 xDisseminatis
530 2236 569 2294 et
594 2216 729 2318 ubique
743 2219 938 2320 diligenter
960 2224 1198 2341 propagatis,
1226 2245 1271 2324 de
1288 2245 1498 2336 Nominum
1518 2300 1531 2319 κ
1594 2232 1598 2259 ³

188 2342 226 2404 et
240 2322 343 2401 sacro
358 2323 567 2403 animalium
583 2322 705 2420 cultu,
724 2317 988 2430 opinionibus,
1016 2352 1096 2419 tota
1111 2329 1341 2426 sacerdotum
1360 2355 1497 2435 Theo.
1599 2414 1604 2425 ,

185 2430 285 2532 logia
300 2425 343 2504 ad
364 2422 656 2503 conservandam
673 2450 798 2515 earum
815 2431 1091 2543 ausloritatem
1117 2440 1307 2551 religionis
1320 2453 1496 2536 devotio.
1548 2528 1551 2533 ⁴
1588 2454 1593 2460 ·
1631 2482 1635 2489 ,

183 2559 272 2618 nem
287 2548 338 2608 'et
353 2528 397 2608 ad
421 2536 585 2607 rationes
599 2525 710 2606 status
718 2532 866 2707 politici
882 2541 1059 2647 tuendas,
1083 2559 1244 2648 maxime
1258 2555 1486 2645 collineabat

183 2633 399 2715 Sacerdotes
412 2649 568 2738 Ktarmen,
590 2639 657 2734 qui,
669 2631 715 2710 fal
733 2660 752 2709 a
775 2635 1030 2739 symbolorum
1044 2653 1326 2749 animaliumque
1340 2656 1505 2751 exposa-²
1535 2738 1542 2752 .

181 2750 305 2836 tione,
349 2739 427 2814 aliis
462 2734 591 2812 fucum
615 2735 823 2837 faciebant,
860 2746 1207 2848 arcanumser‘nper
1228 2752 1402 2845 placitum
1427 2753 1481 2829 ,pe
1617 2758 1634 2767 ,

179 2843 290 2923 rebus
307 2838 416 2917 sacris
434 2837 647 2921 habuerunt
664 2841 738 2936 l⁴⁶),
765 2843 866 2941 quod
884 2852 927 2927 ni
939 2845 1064 2943 sallor',
1090 2847 1135 2922 de
1149 2852 1264 2949 prima
1276 2847 1483 2955 Hierogly.

177 2949 377 3053 phicorum
401 2935 670 3040 significatione
696 2957 736 3017 et
764 2952 925 3046 genuina
946 2949 1156 3026 animalium
1177 2949 1294 3055 cultus
1320 2958 1484 3056 ratione,
1580 2970 1589 2978 '
1636 2970 1646 2981 '

176 3046 459 3152 intelligendum
475 3041 565 3145 else,
596 3041 766 3147 suspicor.
836 3044 899 3125 Ab
921 3048 1207 3131 antecessoribus
1227 3052 1320 3130 haec
1350 3079 1485 3138 arcana
1574 3064 1601 3094 ·'

146 3141 151 3147 ’
175 3157 247 3234 illis
268 3167 375 3232 erant
399 3149 549 3247 tradita,
583 3171 678 3249 quae
699 3174 797 3228 vnus
816 3151 920 3230 alteri
941 3151 1321 3259 mystagogus'denuo
1339 3163 1483 3239 revela·
1505 3237 1509 3247 ,

175 3246 247 3340 bat.
301 3256 372 3335 Sed
390 3279 524 3333 cavere
542 3270 666 3332 tamen
679 3277 759 3329 non
776 3263 901 3356 potuit
913 3255 1072 3338 astutum
1085 3257 1331 3364 impostorum
1350 3285 1480 3366 genus,
1564 3310 1582 3345 2
1653 3346 1656 3351 ,

174 3372 264 3464 quin
282 3363 378 3456 aliis,
404 3357 535 3460 quibus
548 3362 642 3435 ratio
657 3364 776 3434 inerat
794 3378 832 3436 et
850 3354 1064 3464 ingenium,
1090 3363 1222 3455 fascina
1241 3362 1480 3449 subaluissent.
1500 3371 1510 3435 ἶ

173 3461 400 3554 Periculosae
428 3462 464 3540 id
492 3480 571 3540 erat
600 3462 751 3562 plenum
782 3487 877 3566 opus
907 3466 1026 3565 aleae,
1069 3492 1144 3569 quo
1181 3468 1481 3573 nihil-religirini,
1574 3552 1585 3564 .
1624 3533 1628 3540 .

173 3571 396 3644 commentis
419 3581 456 3642 et
471 3568 565 3644 dolis
581 3561 864 3668 superstruilae,
894 3565 1033 3673 sibique
1048 3566 1302 3675 perniciosius
1311 3577 1482 3665 accidere

150 3708 153 3713 ·
165 3665 273 3769 polle
298 3666 394 3744 sacili
418 3693 529 3770 opera
553 3668 836 3769 augurabantur.
888 3669 1057 3754 confilro
1078 3683 1193 3780 igitur
1220 3693 1259 3754 et
1274 3679 1482 3782 'prudentia
1536 3729 1583 3744 ν
1651 3700 1663 3740 '-

172 3790 384 3873 erat,opus,
412 3796 460 3845 ne
478 3797 611 3855 arcana
631 3772 823 3852 effutirent
839 3775 1009 3878 nasutuli,
1036 3783 1095 3856 vel
1111 3781 1272 3857 ludibrio
1289 3783 1388 3884 vulgi
1401 3810 1482 3882 ,ex·
1498 3799 1520 3890 ᾗ

154 3890 363 3972 ponerent.
415 3874 540 3953 Multo
555 3873 664 3953 satius
684 3875 754 3955 else
770 3879 1000 3981 judicabant,
1028 3877 1056 3960 st
1074 3885 1281 3989 religionis,
1308 3911 1481 3969 ceremo-

270 3994 273 3999 '
677 4011 683 4025 ‘
1184 3990 1188 3996 ’
1311 3997 1508 4071 uiarum--

168 4102 209 4176 ⁸)
223 4105 332 4176 clem.
363 4118 532 4188 Alexandr.
565 4125 704 4193 memet.
723 4160 727 4167 ·
743 4127 815 4193 Lib.
846 4127 920 4195 Vll.
955 4112 1032 4215 Cap.
1056 4128 1105 4214 it..
1129 4116 1206 4208 W·
1223 4135 1289 4191 sas·
1325 4137 1360 4184 ss
1385 4127 1532 4239 l-‘hslg

145 4268 181 4311 W
202 4195 280 4294 Cap.
306 4204 365 4265 IV.
411 4230 443 4291 p.
466 4230 532 4290 319.
849 4247 858 4253 “

169 4270 198 4353 )
220 4282 364 4354 Diodor.
390 4297 464 4365 Lib.
478 4303 506 4369 I.
533 4307 614 4397 Cap·
636 4322 688 4383 80·
716 4330 792 4401 1³³8·
809 4325 868 4392 74·
