3390 4476
181 384 190 397 ,
275 317 319 397 48
370 306 626 376 erenum.
678 280 1528 395 0101101111110111001111011,

275 508 397 592 ratur,
421 505 463 567 vt
482 494 624 567 mittam
644 485 756 583 alios,
784 490 847 585 qui
869 482 997 563 eadem
1019 488 1066 568 de
1087 490 1230 575 ludaeis
1252 472 1460 583 commenti
1485 506 1594 605 sunt

270 613 315 689 ¹,et
334 602 375 671 in
393 591 628 669 multitudine
652 593 870 685 errantium,
897 592 1118 689 quaerebant
1141 622 1311 677 errorum
1330 602 1488 689 suorum
1513 640 1596 719 pa-

191 774 195 785 ,
268 704 488 779 trocinium.
538 696 593 801 Er<
608 694 664 767 his
680 690 851 769 omnihus
868 712 1030 794 apparet,
1042 708 1165 797 ‘quam
1184 702 1297 801 longe
1314 706 1464 810 lateque
1480 716 1594 803 haec

278 798 425 879 traditio
448 800 742 896 tomtemporis,
780 800 876 870 inter
899 812 1029 893 gentes
1052 797 1163 878 suerit
1187 828 1406 911 propagata,
1433 832 1479 894 vt
1507 832 1594 903 mi.

276 928 361 981 rum
387 927 467 979 non
486 894 548 998 stt,
574 900 727 995 multos„
755 903 817 998 qui
834 922 962 979 veram
985 908 1041 979 rei
1058 903 1258 983 causam'et
1277 919 1469 1011 originem
1496 926 1592 1011 n'on

277 1016 532 1107 penetrarunt,
572 1008 623 1076 ita
653 999 735 1077 zelo
764 997 931 1099 adados,
973 1020 1016 1111 vt
1047 1013 1173 1087 omnia
1201 1015 1298 1091 inter
1324 1014 1592 1115 barbarorum

278 1106 468 1193 mendacia
497 1117 533 1185 et
555 1109 726 1187 convicia
748 1103 950 1190 retulerint.

854 1281 885 1386 1.
936 1291 986 1364 a.

346 1414 489 1495 Primus
512 1421 680 1496 omnium
700 1415 872 1519 Iosephus
890 1424 1012 1515 gentis
1033 1412 1116 1494 suae
1138 1418 1281 1499 causam
1297 1429 1339 1505 in
1360 1428 1398 1509 se
1420 1400 1582 1547 suscepit

199 1520 204 1531 “
272 1534 309 1599 et
329 1545 400 1623 qua
415 1527 537 1622 potuit
558 1519 791 1616 dexteritate,
817 1546 897 1596 eam
916 1519 959 1595 ab
978 1526 1208 1620 ignominiae
1228 1526 1309 1605 labe
1329 1556 1497 1639 purgare
1516 1570 1584 1625 ρο.

270 1622 455 1704 natusest
489 1626 610 1701 Vtitur
626 1628 792 1725 inprimis
806 1638 1025 1720 argumento
1044 1620 1089 1698 ad
1102 1622 1351 1712 refellendum
1368 1639 1582 1748 Apionem,

296 1726 373 1804 uod
392 1754 413 1805 a
434 1721 580 1805 filentio
604 1724 823 1826 scriptorum
849 1716 1048 1802 deduiium
1074 1724 1144 1821 est,
1178 1746 1216 1806 et
1239 1749 1405 1839 opponit
1428 1746 1579 1829 Cavillo

270 1752 487 1932 dolybium,
506 1828 761 1931 Strabonem,
797 1826 1086 1926 Damascenum,
1124 1830 1576 1953 aliosque,uquitemp11

268 1934 414 2034 expilati
436 1926 625 2039 histum
653 1932 768 2008 literis
797 1927 1079 2029 consumamur,
1118 1949 1156 2010 et
1181 1950 1571 2049 11ογςο0111110111·(10
1620 2027 1624 2033 ,
1661 2034 1663 2039 ,

142 2052 144 2057 ’
270 2058 385 2112 aureo
409 2028 498 2114 asmi
527 2040 645 2135 capite
672 2040 713 2109 in
735 2032 862 2133 templi
883 2032 1004 2133 adytis
1022 2048 1197 2136 reperto,
1220 2057 1422 2127 memoriae
1438 2050 1567 2151 prodr.

269 2136 424 2233 derunt,
457 2160 529 2210 nec
557 2159 643 2228 eos,
683 2142 747 2233 qui
766 2140 918 2212 intimos
944 2136 1070 2236 templi
1103 2140 1263 2223 recessus
1289 2142 1558 2251 perlustrantur,

269 2238 361 2341 quid
389 2236 460 2312 tale
479 2230 675 2333 invenisse,
710 2230 880 2311 ostendit.
930 2236 1029 2311 Huic
1052 2263 1293 2347 argumento,
1328 2248 1421 2349 quod
1445 2262 1553 2345 urget
1626 2342 1630 2347 Ι

218 2337 229 2364 ⁰
266 2339 460 2445 Iosephus,
498 2361 578 2414 non
596 2361 727 2441 parum
749 2345 971 2439 patrocinari
995 2338 1163 2444 videtur,
1198 2350 1301 2451 quod
1317 2346 1560 2427 relertTaci-

263 2460 323 2523 tus
338 2446 407 2541 1>,
442 2442 662 2540 Pompejum
690 2455 795 2542 cepta
808 2441 910 2518 vrbe
934 2442 1104 2523 hierosol.
1128 2454 1307 2553 templum
1336 2446 1567 2551 speculandis
1597 2544 1610 2551 ,

262 2547 431 2649 judaicae
451 2546 642 2645 religionis
660 2552 802 2622 arcanis
818 2543 957 2646 adiisse,
983 2547 1127 2628 nullum
1141 2554 1215 2632 illic
1231 2552 1473 2648 simulacrum,
1502 2547 1572 2631 sed

262 2675 419 2729 vacuam
435 2646 557 2726 sedem
572 2665 611 2726 et
628 2655 750 2725 inania
767 2646 937 2749 reperisse
956 2675 1100 2753 arcana,
1127 2683 1220 2762 quae
1238 2662 1362 2750 vtique
1377 2659 1430 2749 rei
1443 2634 1570 2749 huius
1609 2690 1613 2697 ·
1645 2672 1654 2685 ·

259 2749 375 2831 fidem
396 2749 593 2850 suspediam
614 2749 769 2822 reddere
787 2750 973 2824 videntur.

725 2988 736 3009 ,
846 2918 876 3025 §.
925 2928 1008 2999 62.1

329 3060 387 3137 Ex
416 3052 684 3135 recentioribus
715 3076 865 3156 quoque
892 3081 977 3153 ‚non
1002 3054 1177 3156 defuere,
1208 3058 1273 3157 qui
1291 3078 1360 3158 pro
1381 3054 1479 3132 virili
1503 3056 1567 3163 Iu-

259 3162 372 3243 dacos
384 3163 428 3240 ab
442 3159 662 3239 Onolatriac
677 3157 883 3261 opprobrio
899 3158 1087 3239 vindicare
1101 3158 1257 3264 aggressa
1270 3159 1366 3257 sunt,
1392 3180 1463 3252 nec
1480 3184 1568 3263 per·
1618 3220 1624 3227 -

256 3266 407 3345 suadere
433 3260 499 3340 fibi
525 3257 700 3366 possunt,
742 3277 895 3359 gentem
919 3260 1077 3341 sanctam
1105 3291 1152 3344 eo
1179 3264 1387 3349 dementiae
1408 3260 1569 3366 venisse,

256 3384 301 3446 vt
323 3386 398 3447 tam
421 3365 577 3443 absurdo
599 3365 762 3442 animalis
787 3366 907 3462 cultu,
933 3390 1044 3469 quam
1065 3394 1153 3471 prae
1178 3370 1327 3469 reliquis
1348 3384 1469 3445 terrae
1493 3392 1569 3471 po-

257 3474 352 3572 pulis
373 3467 500 3547 habuit
521 3468 778 3569 'cognitionem
799 3485 836 3544 et
855 3470 1032 3570 gloriam,
1058 3470 1293 3573 prostituerit
1345 3471 1444 3569 Quis
1464 3476 1571 3553 inter

258 3572 413 3647 ludaeos
438 3587 512 3647 tarn
535 3569 684 3667 stultus,
732 3587 774 3646 vt
795 3568 884 3651 asini
909 3592 1018 3674 caput
1039 3571 1168 3655 colat?
1213 3582 1296 3680 quis
1321 3572 1486 3673 stultior,
1522 3592 1570 3657 vt

256 3673 334 3748 hoc
352 3671 427 3749 coli
443 3669 592 3749 credat?
620 3672 816 3773 respondet
829 3679 1012 3754 Minutius
1033 3675 1218 3781 Caelicio,
1243 3686 1306 3780 qui
1328 3676 1365 3755 se
1388 3674 1568 3761 audivisse

256 3773 421 3868 dixerat,
442 3767 529 3850 almi
551 3793 659 3878 caput
678 3775 818 3859 ludaeis
839 3777 910 3859 esse
931 3804 1013 3857 rem
1034 3782 1199 3873 divinam
1225 3787 1298 3882 aa).
1349 3782 1439 3861 Non
1459 3780 1568 3866 secus

595 3908 603 3923 “
1407 3883 1566 3991 respon-

275 4028 314 4109 ’)
332 4031 452 4095 Hister.
475 4035 544 4099 Lib.
569 4040 605 4103 V.

264 4114 324 4195 ⁹³)
344 4119 489 4185 Bactara
508 4128 689 4193 hierozoic.
711 4132 792 4197 rau.
807 4136 834 4196 1.
854 4132 982 4197 uhu.
1003 4128 1206 4212 caprum.
1222 4116 1436 4207 presuras,
1461 4120 1600 4179 etme-

293 4202 377 4270 slsan
399 4210 558 4281 Kortholt
577 4240 695 4308 pagan.
720 4222 894 4313 obttestat.
916 4221 990 4285 1111.
1008 4219 1054 4282 li.
1073 4212 1195 4294 Caph
1224 4222 1296 4289 page
1308 4206 1365 4278 ,ass
1378 4197 1428 4275 iq.
