3390 4476
201 460 204 471 ,
260 382 263 387 ’
321 399 392 465 η,
522 350 783 467 aruerint.
835 377 1435 475 uac²vrrvrrr1trrrryrr

303 536 306 543 Ι
321 530 440 668 gunt,
467 516 684 667 nullumque
704 562 915 647 animalium
931 518 1104 662 gennsin
1119 516 1298 665 Aegypto
1313 562 1448 662 degere
1463 554 1632 660 tradunt,

321 672 422 774 quod
439 696 517 748 non
534 670 706 746 Numinis
720 664 1019 759 locolhabuerint
1034 665 1089 768 *).
1110 662 1353 743 Crocodilum
1371 691 1439 768 pro
1454 666 1538 742 Deo
1552 658 1630 744 coli

320 784 341 853 a
362 772 543 877 plerisque
562 770 696 849 incolis
717 767 787 847 else
807 770 888 871 lege
900 767 1083 847 sancitum
1100 770 1175 870 m),
1201 772 1417 870 Memphitis
1437 768 1506 846 bos
1520 767 1629 848 Deus

82 844 110 994 ἰ
189 934 193 943 ,
240 941 242 949 ,
319 875 393 975 est,
434 882 553 977 inquit
576 871 700 950 illusor
721 873 1202 971 Deorum-hominumque,
1242 875 1318 951 aliis
1341 870 1521 969 Ciconia,
1547 873 1630 952 aliis

320 970 624 1082 Cynocephalus,
648 974 839 1073 arrietes,
865 991 926 1051 aut
941 968 1072 1053 simiae.
1091 978 1168 1071 am)
1201 975 1246 1053 Et
1261 984 1343 1077 quis
1356 973 1483 1073 nescit,
1507 977 1629 1076 qualia

318 1083 475 1161 demens
503 1083 699 1183 Aegyptus
740 1094 912 1180 portenta
945 1079 1042 1156 colat
1071 1073 1142 1177 ᾖ.)
1183 1078 1304 1157 Patres
1337 1074 1510 1160 ecclesiae
1543 1104 1628 1159 non

318 1194 442 1264 minus
472 1186 569 1261 hanc
593 1185 817 1261 dementiam
836 1183 1031 1285 Aegyptiis
1052 1181 1287 1284 exprobrant.
1349 1180 1528 1260 Evenitae
1557 1207 1626 1262 co-

232 1386 236 1391 ,
320 1291 401 1373 lunt
436 1285 571 1391 piscem
599 1288 800 1388 phagrum,
840 1285 1026 1361 Moeoten
1051 1311 1144 1362 vero
1170 1295 1234 1387 qui
1258 1284 1422 1365 habitant
1443 1286 1626 1390 Elephan·

315 1400 453 1488 tinem,
489 1388 761 1490 Oxyrinchitae
789 1386 932 1490 'piscem
965 1384 1155 1480 similium
1199 1408 1346 1491 praeter
1382 1396 1425 1468 ei
1459 1390 1633 1485 lennem.

316 1521 472 1573 monem
501 1494 840 1594 Heracleopolitae,
874 1492 991 1568 Saitae
1024 1512 1066 1569 et·
1087 1491 1261 1569 Thebani
1286 1520 1400 1579 ovem
1426 1496 1512 1597 ἡ).
1562 1497 1624 1575 De

315 1597 414 1676 hisce
439 1595 697 1693 abominandis
722 1594 1000 1698 Aegyptiorum
1026 1602 1269 1692 ceremoniis,
1311 1624 1396 1682 non
1425 1597 1495 1677 elle
1524 1601 1626 1703 quod

316 1702 478 1799 dicatur,
521 1707 570 1777 ait
594 1696 769 1791 Athanas.
797 1700 911 1800 Τῇ),
952 1705 1129 1798 quoniam
1155 1700 1330 1778 omnibus
1356 1709 1397 1779 in
1421 1707 1540 1784 oculis
1566 1701 1624 1805 stt,

282 1836 285 1843 ·
314 1804 417 1907 quod
443 1801 537 1907 apud
564 1804 636 1881 hos
668 1800 863 1897 adoratur,
904 1799 999 1902 apud
1024 1803 1114 1879 alios
1141 1801 1410 1887 abominationi
1439 1808 1625 1888 habeatur.

313 1908 416 2017 Quid
442 1915 482 1985 in
506 1923 580 1985 tam
607 1905 756 1985 inclitae
779 1920 817 1981 et
844 1905 1050 2013 praeclarae
1080 1912 1202 2010 gentis
1231 1915 1478 2015 ignominiam
1508 1921 1624 2020 tnagis
1689 1906 1692 1911 ’

312 2037 470 2114 vergere
490 2025 528 2089 et
554 2007 626 2089 dici
651 2004 772 2112 potest
790 2002 805 2088 ἓ
1277 2058 1280 2063 -

397 2302 410 2321 ,,
707 2310 719 2327 ,
910 2203 942 2310 i·
993 2234 1071 2319 ε»

381 2358 497 2440 ¹Hisce
524 2358 745 2465 scriptorum
765 2357 1005 2462 testimoniis,
1043 2358 1108 2445 etsi
1128 2358 1221 2445 fides
1250 2363 1425 2468 denegari
1445 2386 1619 2471 nequeat,
1674 2454 1678 2459 ,

309 2471 383 2544 viri
416 2482 542 2543 tamen
573 2464 706 2543 summi
735 2463 907 2565 fuerunt,
933 2475 998 2569 qui
1029 2468 1244 2575 Aegyptios
1275 2494 1356 2546 non
1386 2477 1436 2547 ita
1464 2496 1620 2550 omnem

143 2602 152 2609 ·
308 2568 416 2669 sanae
439 2575 591 2648 rationis
616 2566 722 2649 vsum
744 2566 895 2670 ejurasse
918 2589 1110 2673 putarent,
1146 2589 1189 2652 vt
1211 2572 1303 2649 nihil
1323 2570 1420 2673 sani,
1454 2576 1619 2654 tenebris

180 2700 185 2715 ·
308 2674 396 2751 licet
417 2669 596 2776 oppressi,
634 2679 675 2751 in
702 2674 813 2753 rebus
837 2674 972 2776 divinis
996 2672 1192 2769 senserint,
1230 2698 1302 2753 nec
1329 2669 1637 2777 superfuere..

308 2794 415 2874 rent,
454 2794 626 2879 gentem,
665 2777 718 2871 ob
750 2779 952 2856 multarum
982 2802 1109 2854 rerum
1143 2774 1334 2853 scientiam
1372 2792 1411 2854 et
1444 2786 1614 2854 omnium

306 2879 387 2959 iere
409 2887 541 2957 artium
561 2881 767 2980 culturam,
798 2881 935 2984 vbique
956 2899 1141 2957 terrarum
1160 2878 1372 2978 celebrem,
1396 2894 1455 2958 tot
1474 2877 1615 2960 saecula
1688 2975 1691 2979 ,

277 2994 283 3003 '
306 3010 393 3069 cum
417 2981 501 3063 sana
526 2991 673 3062 ratione
701 2989 863 3061 maxime
889 2980 1047 3059 insanire
1101 2977 1241 3060 otuisse.
1319 2985 1371 3062 Vt
1393 2985 1493 3063 hanc
1520 2985 1580 3065 ins
1597 3028 1615 3048 ·

305 3096 438 3186 miam,
484 3113 596 3188 quam
624 3088 838 3184 animalium
870 3086 991 3163 cultus
1022 3007 1099 3187 'ipis
1123 3082 1273 3186 inuffit,
1311 3107 1614 3190 averruncarent‚

304 3191 369 3271 sub
388 3193 600 3271 animalium
617 3184 766 3291 figuris,
791 3187 1030 3268 reconditum
1044 3190 1259 3291 theologiae
1272 3191 1452 3297 mysticae
1469 3192 1613 3269 sensum

305 3313 413 3401 atque
439 3294 668 3374 sublimiores
697 3293 743 3372 de
770 3293 905 3372 divinis
936 3292 1118 3372 attributis
1142 3298 1339 3398 notiones,
1387 3298 1499 3374 latere
1521 3317 1611 3392 por·

303 3401 480 3498 tendunt,
506 3398 608 3584 guod
638 3398 816 3506 exemplis
836 3395 1057 3501 quibusdam
1082 3398 1376 3483 commonstrare
1400 3422 1481 3477 non
1501 3395 1610 3498 plane

275 3511 375 3588 ,erit
404 3503 511 3607 super
540 3507 706 3585 cirrium
1132 3528 1137 3535 ·
1322 3540 1326 3549 =

1517 3636 1550 3720 §-
1575 3655 1609 3721 t·

237 3858 257 3875 .-
345 3795 378 3866 *l
398 3790 544 3859 Herodot.
572 3795 622 3859 lib.
647 3786 751 3871 11565.
878 3794 941 3870 w)
969 3792 1096 3861 Diodor.
1115 3788 1244 3856 'stittot
1272 3786 1340 3852 Lib.
1363 3785 1386 3849 l.
1415 3803 1481 3865 pag.
1495 3803 1559 3861 302

342 3890 421 3966 Μ)
440 3891 559 3952 Lucina.
591 3893 623 3951 in
653 3896 719 3953 lor:
747 3888 846 3964 Trug.
879 3891 975 3955 Toni.
1002 3886 1240 3973 111.prg.460.
1531 3945 1548 3970 Ι,

316 3982 356 4057 7)
374 3980 511 4042 Irrvenal.
533 3981 625 4058 satyr.
653 3988 719 4050 XV.
742 4000 773 4051 et
794 3984 901 4049 Cicero
923 3985 960 4048 de
980 3996 1077 4047 natur.
1095 3982 1185 4047 litor.
1216 3974 1281 4040 Lib.
1302 3978 1498 4051 1,·pag.101.

283 4064 360 4158 ss)
387 4073 485 4137 Clrm·
516 4079 680 4146 Alexandr.
720 4085 880 4173 Protrept.
930 4107 962 4172 p.
981 4076 1040 4157 19.¹
1378 4144 1382 4151 ,
1455 4064 1460 4074 “
1577 4128 1582 4135 .

107 4212 118 4221 ,
279 4156 364 4234 sss)
392 4165 490 4229 Cone.
523 4191 610 4251 gem,
641 4192 715 4263 pag,
750 4201 804 4250 20,
837 4176 888 4250 ᾗ,
913 4182 998 4251 311,
1028 4174 1178 4253 fimet,
1223 4164 1340 4235 brodo.
1368 4163 1507 4223 taeurt.
1524 4156 1638 4216 iuteo.

105 4262 116 4270 ‘
249 4269 273 4325 ‘.
307 4252 456 4332 Argoa.-
480 4262 604 4348 Minut.
642 4283 749 4352 Ferte.
881 4320 884 4329 ·
952 4290 960 4296 “
1294 4290 1304 4299 ”
1336 4298 1340 4307 ·
1595 4313 1599 4321 ·
