3390 4476
360 416 420 473 ex
445 368 823 472 nr'orrrrorvn
857 386 1258 471 renarronrrvsss
1404 393 1448 480 ⁶3

76 692 87 701 .
412 685 416 693 .
731 595 764 697 t·
812 594 881 680 a:
1343 630 1348 635 ·

21 752 42 813 ‚²
93 734 108 785 -“-
140 812 152 833 ,
228 729 287 809 Ex·
314 728 518 835 Iosephi'et
545 725 720 808 Africani
749 723 997 816 relationibus.
1016 720 1179 823 constat,
1204 718 1351 827 Hyssos
1374 717 1449 797 dici

53 910 56 914 .
77 844 80 849 ’
152 833 310 937 Aroes,
328 845 392 941 qui
406 836 527 917 sumto
543 842 670 915 animo
682 832 962 937 Aegyptiorum
976 821 1450 934 poffeffiones'invaserunt.
1476 928 1479 933 Ι

27 948 31 953 ’
79 980 83 985 -
149 937 293 1039 Heberi
313 958 488 1046 nepotes,
512 939 673 1017 Arabiae
695 939 990 1039 Aethiopiaeque
1012 939 1185 1035 regiones
1209 930 1450 1009 incoluerunt
1549 942 1551 947 ’

10 1046 36 1091 -’
147 1050 251 1122 etin
273 1034 375 1124 varii
395 1068 534 1143 genera
551 1057 589 1118 et
609 1047 780 1117 nationes
801 1037 884 1115 sunt
914 1036 1090 1115 distributi
1115 1033 1171 1138 (d.
1194 1035 1270 1136 78.)
1306 1027 1334 1107 st
1364 1053 1447 1109 non

28 1172 30 1177 ’
131 1154 268 1245 -ernagis
282 1161 399 1225 terrae
412 1144 527 1239 fines,
553 1143 615 1218 vel
627 1140 752 1241 fruges
766 1142 897 1243 populi
909 1164 1067 1217 numero
1083 1154 1120 1216 et
1133 1137 1266 1235 vietur,
1291 1131 1448 1210 sufficie-

132 1246 260 1349 bant,
285 1251 456 1324 coioniae
476 1268 546 1343 pro
570 1240 636 1319 vsu
661 1258 872 1342 temporum
897 1258 935 1318 et
953 1248 1145 1340 gentium,
1170 1246 1212 1329 in
1232 1241 1317 1317 alias
1335 1230 1449 1312 finiti·
1554 1254 1558 1261 ·

44 1416 47 1423 .
151 1358 250 1445 inas,
275 1348 339 1424 vei
352 1361 512 1421 remotas
528 1349 709 1438 emigrare
724 1341 949 1420 tenebantur
965 1349 1195 1444 provincias,
1219 1355 1262 1419 vt
1277 1361 1453 1426 commos
1499 1410 1512 1419 ,

15 1450 21 1475 ³
73 1488 76 1497 =
154 1446 219 1531 das
242 1445 344 1521 sedes
365 1449 590 1521 invenirent.
637 1441 801 1539 ‚Heberi
823 1442 961 1542 posteri
983 1458 1026 1520 et·
1044 1443 1200 1529 lettanis
1220 1464 1387 1544 propago
1408 1435 1447 1514 se

42 1576 46 1583 ·
152 1543 238 1643 post
256 1544 460 1649 intervalla,
484 1541 530 1627 ad
545 1557 726 1617 extremas
744 1540 858 1641 vique
871 1541 1029 1621 Arabiae
1052 1546 1174 1646 plagas
1197 1541 1448 1623 extendebant
1570 1614 1574 1621 ,
1640 1562 1644 1573 ’

10 1710 33 1719 .,
127 1648 135 1654 ”
156 1660 194 1719 et
219 1668 308 1720 cum
326 1649 465 1742 optime
486 1649 526 1717 in
547 1641 747 1742 Aegypto,
768 1646 771 1651 ’
789 1667 882 1741 quae
903 1645 1013 1723 rebus
1037 1648 1210 1725 omnibus
1230 1644 1449 1739 abundabat,

21 1784 25 1793 ·
94 1798 97 1803 -
147 1740 223 1820 -srbi
240 1743 432 1843 consulere
454 1738 555 1845 poste
575 1756 771 1843 putarent,
818 1758 924 1844 cepta
949 1743 1082 1825 fiducia
1104 1764 1142 1824 et
1160 1763 1298 1837 armata
1320 1746 1447 1843 manu,

155 1853 289 1943 ingens
311 1869 444 1949 eorum
463 1845 611 1921 colonia
628 1849 668 1919 in
683 1841 956 1942 Aegyptiorum
971 1846 1290 1950 ditiones.erupit,·
1309 1844 1464 1948 sibique·
1516 1926 1536 1949 Ι,

158 1952 283 2025 or‘nnia
293 1936 448 2045 subjecit
463 1962 534 2047 etc.
568 1946 683 2041 *Hanc
698 1959 848 2045 gentem
864 1970 913 2021 ex
924 1946 1064 2039 Heberi
1076 1948 1182 2050 prosa
1209 1960 1243 2029 ia
1255 1946 1374 2047 fuiffe,
1398 1972 1448 2025 ex

156 2070 206 2127 eo
229 2055 339 2125 ettam
362 2048 494 2151 liquet,
521 2045 622 2147 quod
644 2047 733 2138 alios
754 2069 880 2122 mores
902 2061 940 2122 et
960 2054 1072 2144 ritus,
1097 2048 1152 2129 ab¹
1207 2058 1446 2151 egyptiorum

154 2150 324 2229 moribus
345 2166 383 2228 et
404 2148 513 2230 sacris
534 2145 722 2244 diversos,
747 2144 916 2222 habuerit
936 2165 976 2225 et
988 2147 1083 2253 ideo
1105 2152 1239 2249 templa
1258 2152 1447 2228 idolorum

154 2250 411 2329 deturbaverit.
451 2254 601 2329 Plurimi
623 2266 703 2324 tum
717 2252 896 2348 temporis
908 2244 1130 2347 pastoritiam
1143 2247 1301 2347 agebant
1318 2257 1448 2344 vitam,
1505 2291 1507 2297 ·
1591 2280 1594 2285 ·

65 2381 69 2455 j
155 2358 254 2425 inter
272 2352 416 2429 Arabes
438 2378 518 2428 non
538 2345 768 2445 inusitatam,
802 2372 913 2449 aqua
933 2344 1118 2456 pastores,
1138 2365 1188 2427 ,et
1207 2374 1295 2429 cum
1312 2356 1448 2452 regna·
1520 2364 1523 2371 ’

46 2466 88 2485 ·’
156 2466 262 2573 rent,
291 2475 398 2551 reges
415 2452 578 2558 pastores
597 2451 830 2556 appellantur.
1124 2462 1134 2470 “
1216 2468 1222 2483 ··
1256 2466 1273 2487 “·

163 2728 167 2739 '
227 2730 320 2822 His,
348 2731 527 2823 aliisque,
564 2760 655 2825 quas
681 2749 897 2824 praetereo,
933 2730 1138 2800 rationibus
1166 2736 1287 2813 innixi
1309 2734 1448 2833 ludaei,
1522 2776 1525 2781 ·

157 2819 300 2901 asinum
313 2825 484 2923 Arabiae‘
492 2822 721 2923 symbolum,
744 2832 863 2927 gentis
891 2821 1324 2927 suae'Hieroglyphicum
1345 2831 1447 2910 fece·
1470 2839 1480 2845 “

156 2941 265 3023 runt,
293 2929 398 3024 cujus
412 2932 545 3003 intuitu
557 2932 841 3027 progenitorum
857 2932 990 3024 orig0,
1014 2935 1159 3029 generis
1172 2922 1308 3029 series‚·
1330 2932 1447 3034 sedes,
1476 2986 1482 2993 ·

67 3052 90 3129 j
157 3026 232 3105 fata
247 3040 284 3102 et
297 3025 434 3103 diutina
447 3025 574 3125 postea
589 3026 832 3111 israelitarum
846 3036 889 3105 in
904 3026 1054 3111 desertis
1062 3028 1221 3109 Arabiae
1235 3034 1326 3113 locis
1338 3059 1446 3112 com·

132 3134 317 3210 ‘motatio
332 3143 368 3203 et
381 3152 473 3227 quae
487 3138 844 3211 caeteramemoriae
859 3128 982 3230 digna,
1006 3137 1195 3211 incorum
1209 3152 1333 3237 mente
1347 3130 1445 3215 revi-
1502 3218 1505 3227 ,
1536 3162 1539 3167 ’

155 3230 353 3324 visoebant.
403 3228 464 3304 Ne·
487 3252 582 3335 vero
610 3231 743 3311 harum
769 3259 894 3327 rerum
920 3258 1014 3335 quae
1039 3242 1245 3338 praecipua,
1262 3255 1365 3317 erant
1385 3243 1444 3335 ju·
1481 3250 1484 3255 “
1517 3268 1523 3279 “

154 3334 279 3413 deicae
298 3327 480 3407 Historiae
502 3340 715 3430 momenta,
747 3335 1005 3415 obliteraretur
1023 3347 1220 3438 memoria,
1251 3347 1292 3417 in
1311 3334 1445 3443 peren·
1619 3400 1637 3437 -,,,

118 3446 245 3516 'nem
259 3430 415 3541 posteris
429 3430 1074 3539 recordationem,in'penetraiibus
1087 3443 1446 3546 templijbierogiy-
1551 3482 1576 3520 r
1637 3494 1642 3503 -

154 3536 443 3642 phioumhocce
455 3551 743 3643 monumentum
756 3538 1036 3631 conservatum.
1088 3542 1303 3623 Commude
1315 3546 1353 3630 id
1366 3560 1465 3622 erat
1563 3548 1566 3553 ’

19 3654 22 3661 ’
156 3641 328 3720 omnibus
341 3639 522 3737 barbaris,
546 3634 776 3740 insymbolis
792 3646 974 3740 majorum
990 3644 1178 3724 historiam
1191 3654 1252 3748 pie
1265 3650 1445 3746 rendere,
1516 3702 1520 3720 ,

182 3744 260 3821 uod
276 3742 399 3827 ludaei
412 3744 458 3821 ab
475 3740 702 3842 idololatriae
718 3746 877 3825 crimine
893 3760 930 3821 et
945 3749 1154 3831 animalium
1172 3750 1276 3829 cultu
1294 3756 1445 3849 remoti,
1527 3835 1532 3849 ,

73 3884 76 3889 ·
154 3766 233 3925 dne
247 3848 337 3951 legis
352 3842 637 3948 transgressione
652 3839 776 3922 facere
793 3862 974 3947 poterant.
1326 3853 1332 3857 ’

210 4130 306 4213 Non
323 4114 444 4218 nemo
463 4133 597 4223 forsan
616 3997 773 4249 quaedt
796 4017 966 4229 edgidre
983 4138 1130 4235 eun'xt,
1149 4114 1416 4242 connubiis,
1439 4119 1589 4252 <nxz-0

115 4254 213 4344 ΜΠ.
226 4233 451 4355 symbolum
474 4242 611 4335 asinus
632 4247 719 4359 est,
766 4248 975 4345 duntaxat
996 4232 1106 4372 abuit
1119 4238 1260 4344 ‘unus
1275 4197 1660 4357 ώὼζὸμ
