3390 4476
185 412 226 492 ἰδ
291 429 506 488 sacnti.
558 391 1416 491 ueorrcrua'currus-auru'anv-rr

615 545 925 714 suerro.
1003 606 1062 711 11.
1198 723 1200 727 ι

804 815 855 867 DE

196 860 426 1001 'oriturus
465 910 1473 1012 CVLTVS·AN1MAL1VM‚··EXSENTENTIA
1565 850 1583 905 ⁵

342 1038 580 1150 :vitreavit
604 1040 664 1106 ET
693 1039 1007 1109 RECENTIORVM
1031 1039 1331 1112 ERVDITORVM.

814 1177 846 1285 a.
897 1190 930 1256 a.

264 1319 355 1395 Non
376 1339 506 1420 parurn
527 1314 605 1391 hoc
619 1338 679 1394 res
702 1321 925 1416 antiquitatis
941 1314 1257 1417 exploratoribus,
1281 1318 1495 1421 praesertim

194 1421 321 1502 nostra
349 1435 485 1517 aetate,
510 1415 650 1505 facessit
671 1426 815 1519 negotii
830 1433 868 1495 et
890 1416 1044 1496 diciuix
1061 1418 1200 1520 potest,
1235 1440 1329 1523 quot
1347 1432 1493 1524 ingenia

190 1530 402 1621 vexaverit,
420 1538 586 1623 quotque
597 1520 731 1624 ‘scripta
746 1523 943 1623 protulerit
958 1538 995 1598 et
1011 1523 1255 1622 conjesluras.
1281 1529 1367 1606 Sine
1382 1527 1493 1606 dubio

189 1637 263 1710 viri
278 1637 370 1708 mira
384 1622 640 1729 perspicuitate
659 1625 826 1727 praediti,
852 1625 1004 1721 restam,
1026 1652 1137 1729 quam
1156 1635 1196 1709 iu
1219 1632 1289 1710 hac
1305 1630 1415 1711 densa
1434 1658 1494 1708 re-

190 1733 398 1836 rum‘sylva
419 1723 681 1830 quaesiverunt
700 1726 877 1824 sollicite,
906 1736 1004 1806 viam
1025 1731 1269 1836 invenissent,
1302 1732 1330 1813 fi
1354 1735 1398 1821 ad
1420 1732 1496 1836 ipsa
1607 1792 1629 1831 -,

190 1840 471 1941 Aegyptiorum
491 1830 691 1936 primordia
715 1824 948 1937 recurrissent
969 1860 1178 1940 eorumque
1202 1838 1495 1942 symbolologiae
1578 1886 1594 1919 ⁴.

190 1950 298 2042 gnari
318 1933 476 2016 fuissent.
525 1935 687 2030 Verum,
714 1933 813 2034 quod
834 1961 884 2013 ex
901 1942 1026 2039 primis
1040 1951 1162 2043 gentis
1181 1943 1411 2049 temporibus
1431 1941 1496 2035 de·
1549 1934 1560 1947 ⁸

187 2042 425 2139 ducendum,
461 2063 509 2115 ex
536 2044 740 2141 recentiori
764 2063 861 2117 aevo
879 2059 1041 2145 petunt,
1084 2053 1209 2150 itaque
1230 2047 1353 2129 causas
1376 2047 1497 2125 cultus
1587 2044 1591 2050 ’

191 2148 418 2239 animalium,
438 2166 519 2218 non
540 2165 590 2215 cx
603 2139 790 2240 sontibus,
814 2140 877 2251 sed¹
890 2149 1032 2250 rivulis,
1057 2148 1288 2232 sacerdotum
1306 2172 1342 2232 et
1360 2152 1498 2255 sapien·

177 2261 275 2332 'turn
298 2247 438 2344 studio,
465 2242 605 2322 dudum
620 2244 827 2326 adulteratis
843 2246 1023 2331 derivant.
1076 2250 1317 2358 Quapropter
1333 2261 1388 2333 nii
1403 2252 1502 2353 aliud·
1534 2334 1537 2339 ⁴

190 2379 305 2459 quam
329 2360 483 2428 inventa
502 2372 603 2425 nova
625 2357 838 2449 excogitare
862 2351 1032 2459 possunt,
1057 2384 1170 2459 quae,
1202 2355 1274 2438 etsr'
1293 2385 1374 2437 non
1394 2362 1499 2435 omni

192 2455 341 2563 prorsus
363 2451 617 2531 fundamento·
636 2451 804 2547 destituta
831 2452 923 2545 srnt.
950 2469 963 2537 i
990 2458 1064 2537 sam
1086 2477 1210 2537 tamen
1230 2469 1286 2537 rei
1312 2467 1497 2557 originem
1588 2454 1591 2463 ’

169 2593 174 2596 ·
192 2554 385 2661 nunquam
400 2555 583 2655 detegent.
633 2558 722 2635 Non
738 2560 878 2662 pigebit
900 2487 1024 2642 forsan
1039 2563 1176 2642 laboris
1194 2559 1360 2663 impensi,
1386 2558 1496 2667 filro-
1545 2636 1548 2641 .

191 2691 276 2744 rum
306 2659 537 2738 eruditorum
558 2660 791 2757 conjesluras
815 2680 854 2739 et
876 2665 1009 2762 quibus
1035 2676 1098 2740 eas
1122 2660 1317 2736 suffulcire
1333 2659 1494 2761 student,
1548 2700 1550 2713 ·

191 2780 429 2873 argumenta,
457 2786 571 2863 aequa
593 2779 635 2843 vt
659 2762 766 2844 decet
788 2766 894 2845 lance
920 2759 997 2843 sine
1025 2758 1257 2869 prasjudicio
1280 2778 1317 2842 et
1336 2766 1497 2866 partium
1585 2764 1588 2769 “
1622 2852 1626 2858 ¹

191 2871 333 2969 studio,
360 2867 546 2945 libremus.
767 2944 774 2957 ,
1093 2887 1096 2891 ’
1424 2869 1427 2875 ’

1151 3098 1155 3103 ·
1216 3072 1230 3105 ἱ

269 3120 470 3228 Originern
486 3119 668 3204 nefandae
685 3127 798 3227 hujus
814 3132 856 3205 in
870 3129 1052 3233 Aegypto
1066 3121 1344 3231 superstitionis,
1371 3139 1462 3214 quae
1479 3136 1499 3185 a

192 3235 418 3335 ¹reliquarum
432 3234 601 3330 gentium
614 3227 723 3310 sacris
739 3230 875 3333 dissert,
897 3232 986 3311 inde
1001 3230 1211 3336 proiectam·
1224 3225 1370 3313 volunt,
1398 3209 1500 3313 quod

191 3340 372 3439 'Aegyptii
398 3333 584 3433 animalia,
625 3337 699 3413 Dei
727 3361 795 3440 per
826 3335 1035 3425 universam
1063 3355 1191 3415 rerum
1220 3340 1388 3399 naturam
1416 3307 1498 3430 sub,

191 3459 313 3547 partes
332 3434 403 3514 esse
420 3432 609 3516 statuerint
629 3443 687 3546 l>.
715 3439 1031 3542 Haecffsententia,
1054 3450 1097 3512 vt
1120 3444 1179 3506 res
1196 3423 1269 3527 ipsa
1285 3420 1415 3508 docet,
1439 3438 1499 3508 Ju·
1597 3474 1602 3481 ,

175 3548 179 3553 ’
195 3553 348 3622 nicrum
363 3541 667 3644 Platonicorum,
679 3540 877 3653 praecipue
905 3546 1129 3627 Stoicorum,
1145 3526 1318 3652 ‘sobolom
1338 3515 1498 3637 redolet,

195 3654 260 3749 qui
283 3644 408 3722 Deum
428 3643 570 3726 mundb
596 3656 739 3727 animae
761 3649 874 3727 instar
896 3643 989 3742 elle,
1024 3638 1086 3721 vel
1104 3633 1288 3745 spirltum,
1323 3616 1501 3745 olumblls

159 3778 170 3809 ⁸
187 3746 357 3852 partibus
380 3743 602 3852 iffimffium,
629 3754 691 3835 vel
716 3753 881 3831 divinam
901 3753 1081 3825 rationem
1103 3738 1172 3810 toti
1197 3723 1340 3804 mundo
1355 3717 1503 3798 rnsrtam
1593 3754 1595 3758 ·

176 3851 373 3929 docebant
389 3853 455 3957 aa),
474 3857 611 3966 quibus
626 3862 852 3949 commentis
861 3839 1073 3951 Stoicorum
1088 3854 1125 3914 et
1135 3835 1504 4011 Platonicoruffissttia
1563 3917 1570 3923 .
