<?xml version="1.0" encoding="UTF-8"?>
<!DOCTYPE html PUBLIC "-//W3C//DTD XHTML 1.0 Transitional//EN"
    "http://www.w3.org/TR/xhtml1/DTD/xhtml1-transitional.dtd">
<html xmlns="http://www.w3.org/1999/xhtml" xml:lang="en" lang="en">
 <head>
  <title>
</title>
<meta http-equiv="Content-Type" content="text/html;charset=utf-8" />
  <meta name='ocr-system' content='tesseract 3.04.00' />
  <meta name='ocr-capabilities' content='ocr_page ocr_carea ocr_par ocr_line ocrx_word'/>
</head>
<body>
  <div class='ocr_page' id='page_1' title='image "./decultuanimaliu00schugoog_0041.png"; bbox 0 0 3390 4476; ppageno 0'>
   <div class='ocr_carea' id='block_1_1' title="bbox 385 360 1474 509">
    <p class='ocr_par' dir='ltr' id='par_1_1' title="bbox 385 360 1474 509">
     <span class='ocr_line' id='line_1_1' title="bbox 385 360 1474 509; baseline 0.003 -26"><span class='ocrx_word' id='word_1_1' title='bbox 385 484 389 491; x_wconf 86' lang='grc'><em>,</em></span> <span class='ocrx_word' id='word_1_2' title='bbox 454 426 711 485; x_wconf 71' lang='lat' dir='ltr'>oraretur</span> <span class='ocrx_word' id='word_1_3' title='bbox 747 424 803 479; x_wconf 77' lang='lat' dir='ltr'>aa</span> <span class='ocrx_word' id='word_1_4' title='bbox 836 360 1205 503; x_wconf 71' lang='lat' dir='ltr'>auctorat-afa,</span> <span class='ocrx_word' id='word_1_5' title='bbox 1242 502 1245 507; x_wconf 17' lang='grc' dir='ltr'>ι</span> <span class='ocrx_word' id='word_1_6' title='bbox 1431 426 1474 509; x_wconf 78' lang='lat'>&#39;33</span> 
     </span>
    </p>
   </div>
   <div class='ocr_carea' id='block_1_2' title="bbox 63 601 1601 1535">
    <p class='ocr_par' dir='ltr' id='par_1_2' title="bbox 63 601 1601 1535">
     <span class='ocr_line' id='line_1_2' title="bbox 177 601 1476 707; baseline -0.005 -19"><span class='ocrx_word' id='word_1_7' title='bbox 177 607 384 688; x_wconf 79' lang='lat' dir='ltr'>dodlrinam</span> <span class='ocrx_word' id='word_1_8' title='bbox 405 605 451 682; x_wconf 91' lang='lat' dir='ltr'>de</span> <span class='ocrx_word' id='word_1_9' title='bbox 472 613 612 684; x_wconf 90' lang='lat' dir='ltr'>aeterni</span> <span class='ocrx_word' id='word_1_10' title='bbox 629 604 804 682; x_wconf 75' lang='lat' dir='ltr'>Numinis</span> <span class='ocrx_word' id='word_1_11' title='bbox 821 608 974 701; x_wconf 85' lang='lat' dir='ltr'>unitate,</span> <span class='ocrx_word' id='word_1_12' title='bbox 995 601 1041 682; x_wconf 89' lang='lat' dir='ltr'>de</span> <span class='ocrx_word' id='word_1_13' title='bbox 1062 607 1266 707; x_wconf 89' lang='lat' dir='ltr'>animarum</span> <span class='ocrx_word' id='word_1_14' title='bbox 1286 606 1476 682; x_wconf 86' lang='lat' dir='ltr'>immorta-</span> 
     </span>
     <span class='ocr_line' id='line_1_3' title="bbox 125 704 1541 812; baseline -0.004 -23"><span class='ocrx_word' id='word_1_15' title='bbox 125 723 126 726; x_wconf 67' lang='lat'>‘</span> <span class='ocrx_word' id='word_1_16' title='bbox 175 716 288 807; x_wconf 89' lang='lat' dir='ltr'>litate,</span> <span class='ocrx_word' id='word_1_17' title='bbox 313 711 550 812; x_wconf 85' lang='lat' dir='ltr'>praemiisque</span> <span class='ocrx_word' id='word_1_18' title='bbox 565 727 602 806; x_wconf 88' lang='lat' dir='ltr'>et</span> <span class='ocrx_word' id='word_1_19' title='bbox 617 714 765 812; x_wconf 86' lang='lat' dir='ltr'>poenis,</span> <span class='ocrx_word' id='word_1_20' title='bbox 790 704 875 810; x_wconf 75' lang='lat' dir='ltr'>poll</span> <span class='ocrx_word' id='word_1_21' title='bbox 892 715 1007 784; x_wconf 90' lang='lat' dir='ltr'>vitam</span> <span class='ocrx_word' id='word_1_22' title='bbox 1028 704 1296 803; x_wconf 83' lang='lat' dir='ltr'>distribuendis,</span> <span class='ocrx_word' id='word_1_23' title='bbox 1315 708 1476 784; x_wconf 88' lang='lat' dir='ltr'>inculca·</span> <span class='ocrx_word' id='word_1_24' title='bbox 1525 716 1541 739; x_wconf 62' lang='lat'>⁸</span> 
     </span>
     <span class='ocr_line' id='line_1_4' title="bbox 178 808 1584 913; baseline -0.001 -22"><span class='ocrx_word' id='word_1_25' title='bbox 178 830 255 891; x_wconf 90' lang='lat' dir='ltr'>tam</span> <span class='ocrx_word' id='word_1_26' title='bbox 277 810 389 891; x_wconf 83' lang='lat' dir='ltr'>fuisse.</span> <span class='ocrx_word' id='word_1_27' title='bbox 442 816 628 892; x_wconf 81' lang='lat' dir='ltr'>Homines</span> <span class='ocrx_word' id='word_1_28' title='bbox 649 808 776 908; x_wconf 81' lang='lat' dir='ltr'>fuisse,</span> <span class='ocrx_word' id='word_1_29' title='bbox 801 833 898 910; x_wconf 87' lang='lat' dir='ltr'>quos</span> <span class='ocrx_word' id='word_1_30' title='bbox 914 809 1075 888; x_wconf 81' lang='lat' dir='ltr'>Graecia</span> <span class='ocrx_word' id='word_1_31' title='bbox 1095 834 1164 913; x_wconf 87' lang='lat' dir='ltr'>pro</span> <span class='ocrx_word' id='word_1_32' title='bbox 1180 810 1263 889; x_wconf 92' lang='lat' dir='ltr'>Diis</span> <span class='ocrx_word' id='word_1_33' title='bbox 1285 809 1477 890; x_wconf 89' lang='lat' dir='ltr'>habendos</span> <span class='ocrx_word' id='word_1_34' title='bbox 1581 858 1584 871; x_wconf 82' lang='lat'><em>=</em></span> 
     </span>
     <span class='ocr_line' id='line_1_5' title="bbox 83 913 1504 1017; baseline -0.002 -23"><span class='ocrx_word' id='word_1_35' title='bbox 83 970 86 975; x_wconf 92' lang='lat'>-</span> <span class='ocrx_word' id='word_1_36' title='bbox 179 937 217 994; x_wconf 91' lang='lat' dir='ltr'>et</span> <span class='ocrx_word' id='word_1_37' title='bbox 232 918 409 995; x_wconf 91' lang='lat' dir='ltr'>colendos</span> <span class='ocrx_word' id='word_1_38' title='bbox 421 914 492 997; x_wconf 85' lang='lat' dir='ltr'>else</span> <span class='ocrx_word' id='word_1_39' title='bbox 506 917 641 997; x_wconf 85' lang='lat' dir='ltr'><strong>edixit:</strong></span> <span class='ocrx_word' id='word_1_40' title='bbox 661 918 874 1017; x_wconf 75' lang='lat' dir='ltr'>Aegyptios</span> <span class='ocrx_word' id='word_1_41' title='bbox 888 936 982 991; x_wconf 90' lang='lat' dir='ltr'>vero</span> <span class='ocrx_word' id='word_1_42' title='bbox 996 914 1101 991; x_wconf 88' lang='lat' dir='ltr'>nullo</span> <span class='ocrx_word' id='word_1_43' title='bbox 1116 914 1217 990; x_wconf 90' lang='lat' dir='ltr'>cultu</span> <span class='ocrx_word' id='word_1_44' title='bbox 1237 913 1372 992; x_wconf 84' lang='lat' dir='ltr'>heroes</span> <span class='ocrx_word' id='word_1_45' title='bbox 1390 938 1478 1017; x_wconf 84' lang='lat' dir='ltr'>pro·</span> <span class='ocrx_word' id='word_1_46' title='bbox 1502 927 1504 931; x_wconf 77' lang='grc'>’</span> 
     </span>
     <span class='ocr_line' id='line_1_6' title="bbox 177 1012 1478 1120; baseline -0.002 -24"><span class='ocrx_word' id='word_1_47' title='bbox 177 1020 322 1098; x_wconf 89' lang='lat' dir='ltr'>secutos</span> <span class='ocrx_word' id='word_1_48' title='bbox 344 1023 402 1120; x_wconf 61' lang='lat' dir='ltr'>i),</span> <span class='ocrx_word' id='word_1_49' title='bbox 428 1023 516 1097; x_wconf 88' lang='lat' dir='ltr'>hinc</span> <span class='ocrx_word' id='word_1_50' title='bbox 535 1019 722 1105; x_wconf 69' lang='lat' dir='ltr'>caubeosa</span> <span class='ocrx_word' id='word_1_51' title='bbox 746 1017 903 1095; x_wconf 89' lang='lat' dir='ltr'>Graecis</span> <span class='ocrx_word' id='word_1_52' title='bbox 916 1012 1159 1112; x_wconf 76' lang='lat' dir='ltr'>familiarem,</span> <span class='ocrx_word' id='word_1_53' title='bbox 1182 1014 1388 1119; x_wconf 79' lang='lat' dir='ltr'>Aegyptiis</span> <span class='ocrx_word' id='word_1_54' title='bbox 1413 1043 1478 1119; x_wconf 86' lang='lat' dir='ltr'>pe-</span> 
     </span>
     <span class='ocr_line' id='line_1_7' title="bbox 63 1114 1478 1221; baseline 0.004 -28"><span class='ocrx_word' id='word_1_55' title='bbox 63 1180 69 1193; x_wconf 88' lang='lat'>.</span> <span class='ocrx_word' id='word_1_56' title='bbox 178 1132 279 1201; x_wconf 90' lang='lat' dir='ltr'>nitus</span> <span class='ocrx_word' id='word_1_57' title='bbox 303 1119 373 1200; x_wconf 83' lang='lat' dir='ltr'>else</span> <span class='ocrx_word' id='word_1_58' title='bbox 397 1129 636 1221; x_wconf 86' lang='lat' dir='ltr'>incognitam.</span> <span class='ocrx_word' id='word_1_59' title='bbox 701 1117 812 1195; x_wconf 85' lang='lat' dir='ltr'>Hisce</span> <span class='ocrx_word' id='word_1_60' title='bbox 837 1114 1004 1217; x_wconf 89' lang='lat' dir='ltr'>aliisque,</span> <span class='ocrx_word' id='word_1_61' title='bbox 1037 1116 1230 1218; x_wconf 91' lang='lat' dir='ltr'>inquibus</span> <span class='ocrx_word' id='word_1_62' title='bbox 1254 1121 1478 1199; x_wconf 79' lang='lat' dir='ltr'>exornandis</span> 
     </span>
     <span class='ocr_line' id='line_1_8' title="bbox 81 1217 1477 1328; baseline -0.003 -25"><span class='ocrx_word' id='word_1_63' title='bbox 81 1230 90 1241; x_wconf 69' lang='grc'><strong>“</strong></span> <span class='ocrx_word' id='word_1_64' title='bbox 177 1242 380 1328; x_wconf 85' lang='lat' dir='ltr'>occupatus</span> <span class='ocrx_word' id='word_1_65' title='bbox 415 1222 468 1298; x_wconf 93' lang='lat' dir='ltr'>est</span> <span class='ocrx_word' id='word_1_66' title='bbox 505 1229 564 1298; x_wconf 91' lang='lat' dir='ltr'>vir</span> <span class='ocrx_word' id='word_1_67' title='bbox 603 1220 790 1314; x_wconf 86' lang='lat' dir='ltr'>laudatus,</span> <span class='ocrx_word' id='word_1_68' title='bbox 833 1218 1038 1297; x_wconf 89' lang='lat' dir='ltr'>rationibus</span> <span class='ocrx_word' id='word_1_69' title='bbox 1071 1217 1256 1297; x_wconf 85' lang='lat' dir='ltr'>adstruere</span> <span class='ocrx_word' id='word_1_70' title='bbox 1289 1223 1477 1323; x_wconf 85' lang='lat' dir='ltr'>allaborat,</span> 
     </span>
     <span class='ocr_line' id='line_1_9' title="bbox 180 1318 1601 1429; baseline 0.001 -26"><span class='ocrx_word' id='word_1_71' title='bbox 180 1320 458 1428; x_wconf 80' lang='lat' dir='ltr'>Aegyptiorum</span> <span class='ocrx_word' id='word_1_72' title='bbox 472 1324 576 1400; x_wconf 89' lang='lat' dir='ltr'>Deos</span> <span class='ocrx_word' id='word_1_73' title='bbox 592 1346 673 1397; x_wconf 90' lang='lat' dir='ltr'>non</span> <span class='ocrx_word' id='word_1_74' title='bbox 695 1318 798 1398; x_wconf 87' lang='lat' dir='ltr'>fuisse</span> <span class='ocrx_word' id='word_1_75' title='bbox 811 1323 983 1399; x_wconf 89' lang='lat' dir='ltr'>mortales</span> <span class='ocrx_word' id='word_1_76' title='bbox 1001 1323 1174 1400; x_wconf 90' lang='lat' dir='ltr'>homines</span> <span class='ocrx_word' id='word_1_77' title='bbox 1192 1325 1376 1426; x_wconf 90' lang='lat' dir='ltr'>talemque</span> <span class='ocrx_word' id='word_1_78' title='bbox 1397 1334 1479 1429; x_wconf 86' lang='lat' dir='ltr'>opi·</span> <span class='ocrx_word' id='word_1_79' title='bbox 1598 1362 1601 1367; x_wconf 51' lang='lat'>¹</span> 
     </span>
     <span class='ocr_line' id='line_1_10' title="bbox 181 1419 1188 1535; baseline -0.006 -29"><span class='ocrx_word' id='word_1_80' title='bbox 181 1439 357 1525; x_wconf 83' lang='lat' dir='ltr'>trionem,</span> <span class='ocrx_word' id='word_1_81' title='bbox 379 1450 526 1502; x_wconf 89' lang='lat' dir='ltr'>merum</span> <span class='ocrx_word' id='word_1_82' title='bbox 540 1421 610 1503; x_wconf 81' lang='lat' dir='ltr'>else</span> <span class='ocrx_word' id='word_1_83' title='bbox 628 1423 860 1503; x_wconf 89' lang='lat' dir='ltr'>Graecorum</span> <span class='ocrx_word' id='word_1_84' title='bbox 876 1419 1097 1535; x_wconf 83' lang='lat' dir='ltr'>figmentum</span> <span class='ocrx_word' id='word_1_85' title='bbox 1120 1442 1188 1521; x_wconf 87' lang='lat' dir='ltr'>etc.</span> 
     </span>
    </p>
   </div>
   <div class='ocr_carea' id='block_1_3' title="bbox 662 1616 898 1722">
    <p class='ocr_par' dir='ltr' id='par_1_3' title="bbox 662 1616 898 1722">
     <span class='ocr_line' id='line_1_11' title="bbox 662 1616 898 1722; baseline -0.004 -23"><span class='ocrx_word' id='word_1_86' title='bbox 662 1616 665 1625; x_wconf 83' lang='lat'>·</span> <span class='ocrx_word' id='word_1_87' title='bbox 764 1624 798 1722; x_wconf 72' lang='lat' dir='ltr'>t.</span> <span class='ocrx_word' id='word_1_88' title='bbox 846 1630 898 1710; x_wconf 73' lang='lat'>3⁶.</span> 
     </span>
    </p>
   </div>
   <div class='ocr_carea' id='block_1_4' title="bbox 18 1754 1674 2696">
    <p class='ocr_par' dir='ltr' id='par_1_4' title="bbox 231 1754 1483 1879">
     <span class='ocr_line' id='line_1_12' title="bbox 231 1754 1483 1879; baseline 0.006 -31"><span class='ocrx_word' id='word_1_89' title='bbox 231 1754 434 1875; x_wconf 23' lang='lat' dir='ltr'>¹·Vnanimi</span> <span class='ocrx_word' id='word_1_90' title='bbox 454 1786 625 1852; x_wconf 84' lang='lat' dir='ltr'>veterum</span> <span class='ocrx_word' id='word_1_91' title='bbox 651 1760 831 1851; x_wconf 85' lang='lat' dir='ltr'>consensu</span> <span class='ocrx_word' id='word_1_92' title='bbox 852 1760 1014 1874; x_wconf 78' lang='lat' dir='ltr'>con&#39;stat,</span> <span class='ocrx_word' id='word_1_93' title='bbox 1045 1772 1321 1877; x_wconf 82' lang='lat' dir='ltr'>Aegyptiorum</span> <span class='ocrx_word' id='word_1_94' title='bbox 1344 1775 1483 1879; x_wconf 66' lang='lat' dir='ltr'>mystae</span> 
     </span>
    </p>

    <p class='ocr_par' dir='ltr' id='par_1_5' title="bbox 183 1868 1482 1983">
     <span class='ocr_line' id='line_1_13' title="bbox 183 1868 1482 1983; baseline 0.005 -28"><span class='ocrx_word' id='word_1_95' title='bbox 183 1884 238 1955; x_wconf 88' lang='lat' dir='ltr'>ria</span> <span class='ocrx_word' id='word_1_96' title='bbox 258 1882 303 1956; x_wconf 87' lang='lat' dir='ltr'>ad</span> <span class='ocrx_word' id='word_1_97' title='bbox 325 1876 496 1963; x_wconf 86' lang='lat' dir='ltr'>Graecos</span> <span class='ocrx_word' id='word_1_98' title='bbox 516 1871 687 1959; x_wconf 82' lang='lat' dir='ltr'>transtisse</span> <span class='ocrx_word' id='word_1_99' title='bbox 719 1894 756 1956; x_wconf 92' lang='lat' dir='ltr'>et</span> <span class='ocrx_word' id='word_1_100' title='bbox 783 1868 1002 1983; x_wconf 76' lang='lat' dir='ltr'>singularem</span> <span class='ocrx_word' id='word_1_101' title='bbox 1026 1883 1125 1957; x_wconf 88' lang='lat' dir='ltr'>inter</span> <span class='ocrx_word' id='word_1_102' title='bbox 1146 1887 1338 1979; x_wconf 89' lang='lat' dir='ltr'>vttiusque</span> <span class='ocrx_word' id='word_1_103' title='bbox 1360 1889 1482 1982; x_wconf 86' lang='lat' dir='ltr'>gentis</span> 
     </span>
    </p>

    <p class='ocr_par' dir='ltr' id='par_1_6' title="bbox 185 1978 1484 2083">
     <span class='ocr_line' id='line_1_14' title="bbox 185 1978 1484 2083; baseline 0.002 -24"><span class='ocrx_word' id='word_1_104' title='bbox 185 1980 370 2081; x_wconf 86' lang='lat' dir='ltr'>mysteria,</span> <span class='ocrx_word' id='word_1_105' title='bbox 395 1986 550 2082; x_wconf 87' lang='lat' dir='ltr'>reperiri</span> <span class='ocrx_word' id='word_1_106' title='bbox 570 1978 854 2079; x_wconf 74' lang='lat' dir='ltr'>similitudinem,</span> <span class='ocrx_word' id='word_1_107' title='bbox 879 1980 980 2083; x_wconf 91' lang='lat' dir='ltr'>quod</span> <span class='ocrx_word' id='word_1_108' title='bbox 993 2006 1073 2059; x_wconf 90' lang='lat' dir='ltr'>non</span> <span class='ocrx_word' id='word_1_109' title='bbox 1092 1979 1267 2059; x_wconf 88' lang='lat' dir='ltr'>diffitetur</span> <span class='ocrx_word' id='word_1_110' title='bbox 1282 1990 1341 2062; x_wconf 90' lang='lat' dir='ltr'>vir</span> <span class='ocrx_word' id='word_1_111' title='bbox 1360 1984 1484 2061; x_wconf 89' lang='lat' dir='ltr'>erudi·</span> 
     </span>
    </p>

    <p class='ocr_par' dir='ltr' id='par_1_7' title="bbox 186 2082 1483 2189">
     <span class='ocr_line' id='line_1_15' title="bbox 186 2082 1483 2189; baseline 0.005 -29"><span class='ocrx_word' id='word_1_112' title='bbox 186 2082 349 2164; x_wconf 82' lang='lat' dir='ltr'>tilstmus.</span> <span class='ocrx_word' id='word_1_113' title='bbox 404 2083 635 2163; x_wconf 83' lang='lat' dir='ltr'>Differebant</span> <span class='ocrx_word' id='word_1_114' title='bbox 659 2101 801 2163; x_wconf 90' lang='lat' dir='ltr'>tantum</span> <span class='ocrx_word' id='word_1_115' title='bbox 820 2092 861 2160; x_wconf 91' lang='lat' dir='ltr'>in</span> <span class='ocrx_word' id='word_1_116' title='bbox 889 2110 957 2181; x_wconf 88' lang='lat' dir='ltr'>eo,</span> <span class='ocrx_word' id='word_1_117' title='bbox 991 2083 1092 2185; x_wconf 93' lang='lat' dir='ltr'>quod</span> <span class='ocrx_word' id='word_1_118' title='bbox 1115 2083 1280 2164; x_wconf 87' lang='lat' dir='ltr'>diversos</span> <span class='ocrx_word' id='word_1_119' title='bbox 1299 2087 1483 2189; x_wconf 80' lang='lat' dir='ltr'>Aegyptii</span> 
     </span>
    </p>

    <p class='ocr_par' dir='ltr' id='par_1_8' title="bbox 82 2186 1523 2393">
     <span class='ocr_line' id='line_1_16' title="bbox 82 2186 1484 2291; baseline 0.003 -27"><span class='ocrx_word' id='word_1_120' title='bbox 82 2204 93 2219; x_wconf 68' lang='grc'>“</span> <span class='ocrx_word' id='word_1_121' title='bbox 122 2276 129 2291; x_wconf 21' lang='grc' dir='ltr'><strong>φ</strong></span> <span class='ocrx_word' id='word_1_122' title='bbox 188 2207 226 2264; x_wconf 90' lang='lat' dir='ltr'>et</span> <span class='ocrx_word' id='word_1_123' title='bbox 242 2186 378 2265; x_wconf 88' lang='lat' dir='ltr'>Graeci</span> <span class='ocrx_word' id='word_1_124' title='bbox 396 2187 503 2269; x_wconf 86' lang='lat' dir='ltr'>Deos</span> <span class='ocrx_word' id='word_1_125' title='bbox 520 2188 693 2267; x_wconf 87' lang='lat' dir='ltr'>colebant</span> <span class='ocrx_word' id='word_1_126' title='bbox 709 2195 808 2265; x_wconf 90' lang='lat' dir='ltr'>etita</span> <span class='ocrx_word' id='word_1_127' title='bbox 823 2187 962 2265; x_wconf 85' lang='lat' dir='ltr'>diversa</span> <span class='ocrx_word' id='word_1_128' title='bbox 979 2186 1024 2263; x_wconf 86' lang='lat' dir='ltr'>de</span> <span class='ocrx_word' id='word_1_129' title='bbox 1040 2194 1083 2266; x_wconf 87' lang='lat' dir='ltr'>iis</span> <span class='ocrx_word' id='word_1_130' title='bbox 1102 2195 1141 2263; x_wconf 90' lang='lat' dir='ltr'>in</span> <span class='ocrx_word' id='word_1_131' title='bbox 1156 2188 1358 2291; x_wconf 87' lang='lat' dir='ltr'>mysteriis,</span> <span class='ocrx_word' id='word_1_132' title='bbox 1383 2207 1426 2266; x_wconf 87' lang='lat' dir='ltr'>vt</span> <span class='ocrx_word' id='word_1_133' title='bbox 1442 2199 1484 2268; x_wconf 90' lang='lat' dir='ltr'>in</span> 
     </span>
     <span class='ocr_line' id='line_1_17' title="bbox 184 2286 1523 2393; baseline 0.002 -27"><span class='ocrx_word' id='word_1_134' title='bbox 184 2289 396 2393; x_wconf 89' lang='lat' dir='ltr'>Persarum,</span> <span class='ocrx_word' id='word_1_135' title='bbox 409 2293 700 2387; x_wconf 19' lang='lat' dir='ltr'>*Samothracum</span> <span class='ocrx_word' id='word_1_136' title='bbox 722 2310 759 2368; x_wconf 92' lang='lat' dir='ltr'>et</span> <span class='ocrx_word' id='word_1_137' title='bbox 774 2286 959 2368; x_wconf 76' lang='lat' dir='ltr'>Eleusiniis</span> <span class='ocrx_word' id='word_1_138' title='bbox 973 2289 1332 2391; x_wconf 86' lang='lat' dir='ltr'>mysteriis,&#39;tradita</span> <span class='ocrx_word' id='word_1_139' title='bbox 1347 2288 1430 2369; x_wconf 90' lang='lat' dir='ltr'>sunt</span> <span class='ocrx_word' id='word_1_140' title='bbox 1447 2310 1485 2369; x_wconf 87' lang='lat' dir='ltr'>et</span> <span class='ocrx_word' id='word_1_141' title='bbox 1521 2300 1523 2305; x_wconf 81' lang='grc'>’</span> 
     </span>
    </p>

    <p class='ocr_par' dir='ltr' id='par_1_9' title="bbox 18 2390 1486 2494">
     <span class='ocr_line' id='line_1_18' title="bbox 18 2390 1486 2494; baseline 0.001 -27"><span class='ocrx_word' id='word_1_142' title='bbox 18 2474 25 2491; x_wconf 40' lang='lat'>⁴</span> <span class='ocrx_word' id='word_1_143' title='bbox 86 2434 88 2445; x_wconf 85' lang='grc'><em>·</em></span> <span class='ocrx_word' id='word_1_144' title='bbox 127 2452 130 2458; x_wconf 90' lang='grc'><em>.</em></span> <span class='ocrx_word' id='word_1_145' title='bbox 184 2393 375 2494; x_wconf 79' lang='lat' dir='ltr'>perhibita.</span> <span class='ocrx_word' id='word_1_146' title='bbox 396 2390 401 2400; x_wconf 83' lang='lat'>&#39;</span> <span class='ocrx_word' id='word_1_147' title='bbox 424 2397 520 2493; x_wconf 76' lang='lat' dir='ltr'>Quis</span> <span class='ocrx_word' id='word_1_148' title='bbox 546 2421 593 2469; x_wconf 90' lang='lat' dir='ltr'>ex</span> <span class='ocrx_word' id='word_1_149' title='bbox 618 2393 685 2472; x_wconf 90' lang='lat' dir='ltr'>ista</span> <span class='ocrx_word' id='word_1_150' title='bbox 708 2393 914 2470; x_wconf 86' lang='lat' dir='ltr'>differentia</span> <span class='ocrx_word' id='word_1_151' title='bbox 934 2392 1190 2490; x_wconf 78' lang='lat' dir='ltr'>objedlorum,</span> <span class='ocrx_word' id='word_1_152' title='bbox 1209 2479 1212 2485; x_wconf 22' lang='lat'><strong>¹</strong></span> <span class='ocrx_word' id='word_1_153' title='bbox 1229 2419 1322 2493; x_wconf 90' lang='lat' dir='ltr'>quae</span> <span class='ocrx_word' id='word_1_154' title='bbox 1343 2402 1486 2493; x_wconf 87' lang='lat' dir='ltr'>praeci-</span> 
     </span>
    </p>

    <p class='ocr_par' dir='ltr' id='par_1_10' title="bbox 173 2492 1674 2596">
     <span class='ocr_line' id='line_1_19' title="bbox 173 2492 1674 2596; baseline 0.003 -29"><span class='ocrx_word' id='word_1_155' title='bbox 173 2504 302 2593; x_wconf 87' lang='lat' dir='ltr'>&#39;puum</span> <span class='ocrx_word' id='word_1_156' title='bbox 315 2511 425 2572; x_wconf 90' lang='lat' dir='ltr'>erant</span> <span class='ocrx_word' id='word_1_157' title='bbox 440 2522 478 2569; x_wconf 94' lang='lat' dir='ltr'>m</span> <span class='ocrx_word' id='word_1_158' title='bbox 508 2493 703 2572; x_wconf 88' lang='lat' dir='ltr'>steriorum</span> <span class='ocrx_word' id='word_1_159' title='bbox 725 2510 996 2593; x_wconf 86' lang='lat' dir='ltr'>argumentum,</span> <span class='ocrx_word' id='word_1_160' title='bbox 1022 2494 1185 2589; x_wconf 88' lang='lat' dir='ltr'>colliget,</span> <span class='ocrx_word' id='word_1_161' title='bbox 1209 2492 1485 2596; x_wconf 84' lang='lat' dir='ltr'>Aegyptiorum</span> <span class='ocrx_word' id='word_1_162' title='bbox 1580 2516 1583 2521; x_wconf 85' lang='grc'><em>·</em></span> <span class='ocrx_word' id='word_1_163' title='bbox 1667 2544 1674 2559; x_wconf 59' lang='lat'><em>1</em></span> 
     </span>
    </p>

    <p class='ocr_par' dir='ltr' id='par_1_11' title="bbox 174 2590 1539 2696">
     <span class='ocr_line' id='line_1_20' title="bbox 174 2590 1539 2696; baseline 0.003 -27"><span class='ocrx_word' id='word_1_164' title='bbox 174 2596 387 2671; x_wconf 71' lang='lat' dir='ltr'>&#39;Deos‘non</span> <span class='ocrx_word' id='word_1_165' title='bbox 401 2595 451 2671; x_wconf 88' lang='lat' dir='ltr'>su&#39;</span> <span class='ocrx_word' id='word_1_166' title='bbox 485 2591 717 2674; x_wconf 85' lang='lat' dir='ltr'>ehomines?</span> <span class='ocrx_word' id='word_1_167' title='bbox 744 2596 869 2671; x_wconf 92' lang='lat' dir='ltr'>Multo</span> <span class='ocrx_word' id='word_1_168' title='bbox 886 2600 1066 2690; x_wconf 84' lang='lat' dir='ltr'>magisex</span> <span class='ocrx_word' id='word_1_169' title='bbox 1083 2619 1129 2670; x_wconf 92' lang='lat' dir='ltr'>eo</span> <span class='ocrx_word' id='word_1_170' title='bbox 1144 2590 1324 2695; x_wconf 90' lang='lat' dir='ltr'>sequitur,</span> <span class='ocrx_word' id='word_1_171' title='bbox 1349 2594 1484 2696; x_wconf 88' lang='lat' dir='ltr'>mylle·</span> <span class='ocrx_word' id='word_1_172' title='bbox 1535 2660 1539 2673; x_wconf 87' lang='lat'>.</span> 
     </span>
    </p>
   </div>
   <div class='ocr_carea' id='block_1_5' title="bbox 188 2691 1485 2896">
    <p class='ocr_par' dir='ltr' id='par_1_12' title="bbox 188 2691 1485 2896">
     <span class='ocr_line' id='line_1_21' title="bbox 188 2691 1485 2798; baseline 0.002 -25"><span class='ocrx_word' id='word_1_173' title='bbox 188 2703 242 2773; x_wconf 91' lang='lat' dir='ltr'>-tia</span> <span class='ocrx_word' id='word_1_174' title='bbox 264 2691 429 2796; x_wconf 85' lang='lat' dir='ltr'>gentium</span> <span class='ocrx_word' id='word_1_175' title='bbox 450 2695 536 2773; x_wconf 90' lang='lat' dir='ltr'>ideo</span> <span class='ocrx_word' id='word_1_176' title='bbox 558 2692 738 2792; x_wconf 87' lang='lat' dir='ltr'>instituta,</span> <span class='ocrx_word' id='word_1_177' title='bbox 765 2702 850 2795; x_wconf 90' lang='lat' dir='ltr'>quia</span> <span class='ocrx_word' id='word_1_178' title='bbox 869 2695 960 2789; x_wconf 84' lang='lat' dir='ltr'>Dii,</span> <span class='ocrx_word' id='word_1_179' title='bbox 986 2717 1082 2793; x_wconf 81' lang='lat' dir='ltr'>quos</span> <span class='ocrx_word' id='word_1_180' title='bbox 1105 2694 1327 2793; x_wconf 84' lang='lat' dir='ltr'>adorabant,</span> <span class='ocrx_word' id='word_1_181' title='bbox 1350 2721 1392 2795; x_wconf 78' lang='lat' dir='ltr'>te</span> <span class='ocrx_word' id='word_1_182' title='bbox 1412 2696 1485 2798; x_wconf 82' lang='lat' dir='ltr'>ipsa</span> 
     </span>
     <span class='ocr_line' id='line_1_22' title="bbox 191 2795 1485 2896; baseline 0.005 -30"><span class='ocrx_word' id='word_1_183' title='bbox 191 2799 389 2887; x_wconf 72' lang='lat' dir='ltr'>mortaleS,</span> <span class='ocrx_word' id='word_1_184' title='bbox 410 2798 472 2864; x_wconf 84' lang='lat' dir='ltr'>ob</span> <span class='ocrx_word' id='word_1_185' title='bbox 495 2805 643 2863; x_wconf 84' lang='lat' dir='ltr'>virtutis</span> <span class='ocrx_word' id='word_1_186' title='bbox 669 2803 861 2881; x_wconf 79' lang='lat' dir='ltr'>metitum,</span> <span class='ocrx_word' id='word_1_187' title='bbox 900 2795 945 2863; x_wconf 90' lang='lat' dir='ltr'>ad</span> <span class='ocrx_word' id='word_1_188' title='bbox 967 2795 1057 2864; x_wconf 87' lang='lat' dir='ltr'>illud</span> <span class='ocrx_word' id='word_1_189' title='bbox 1080 2797 1279 2871; x_wconf 85' lang='lat' dir='ltr'>divinitatis</span> <span class='ocrx_word' id='word_1_190' title='bbox 1303 2797 1485 2896; x_wconf 87' lang='lat' dir='ltr'>fastigium</span> 
     </span>
    </p>
   </div>
   <div class='ocr_carea' id='block_1_6' title="bbox 47 2886 1566 4033">
    <p class='ocr_par' dir='ltr' id='par_1_13' title="bbox 47 2886 1566 4033">
     <span class='ocr_line' id='line_1_23' title="bbox 192 2886 1485 2996; baseline 0.006 -29"><span class='ocrx_word' id='word_1_191' title='bbox 192 2890 342 2974; x_wconf 80' lang='lat' dir='ltr'>fuerant</span> <span class='ocrx_word' id='word_1_192' title='bbox 369 2889 496 2966; x_wconf 71' lang='lat' dir='ltr'>evelti.</span> <span class='ocrx_word' id='word_1_193' title='bbox 549 2888 735 2964; x_wconf 87' lang='lat' dir='ltr'>Herodoti</span> <span class='ocrx_word' id='word_1_194' title='bbox 756 2886 1027 2987; x_wconf 82' lang='lat' dir='ltr'>testimouium,</span> <span class='ocrx_word' id='word_1_195' title='bbox 1056 2890 1101 2965; x_wconf 93' lang='lat' dir='ltr'>ad</span> <span class='ocrx_word' id='word_1_196' title='bbox 1122 2891 1485 2996; x_wconf 82' lang='lat' dir='ltr'>quodprovocatut,</span> 
     </span>
     <span class='ocr_line' id='line_1_24' title="bbox 184 2988 1525 3101; baseline 0.016 -41"><span class='ocrx_word' id='word_1_197' title='bbox 184 3011 233 3071; x_wconf 83' lang='lat' dir='ltr'>et</span> <span class='ocrx_word' id='word_1_198' title='bbox 254 2997 323 3093; x_wconf 77' lang='lat' dir='ltr'>qui·-</span> <span class='ocrx_word' id='word_1_199' title='bbox 336 2990 469 3086; x_wconf 90' lang='lat' dir='ltr'>docet,</span> <span class='ocrx_word' id='word_1_200' title='bbox 499 2988 708 3090; x_wconf 82' lang='lat' dir='ltr'>Aegyptios</span> <span class='ocrx_word' id='word_1_201' title='bbox 732 2992 866 3067; x_wconf 79' lang='lat' dir='ltr'>herote</span> <span class='ocrx_word' id='word_1_202' title='bbox 895 2989 1000 3066; x_wconf 92' lang='lat' dir='ltr'>nullo</span> <span class='ocrx_word' id='word_1_203' title='bbox 1026 2992 1130 3069; x_wconf 91' lang='lat' dir='ltr'>cultu</span> <span class='ocrx_word' id='word_1_204' title='bbox 1158 2991 1229 3071; x_wconf 83' lang='lat' dir='ltr'>esse</span> <span class='ocrx_word' id='word_1_205' title='bbox 1257 2996 1486 3101; x_wconf 87' lang='lat' dir='ltr'>prosecutos,</span> <span class='ocrx_word' id='word_1_206' title='bbox 1521 3054 1525 3062; x_wconf 42' lang='grc' dir='ltr'><em>ι</em></span> 
     </span>
     <span class='ocr_line' id='line_1_25' title="bbox 194 3090 1566 3195; baseline 0.006 -21"><span class='ocrx_word' id='word_1_207' title='bbox 194 3100 343 3174; x_wconf 89' lang='lat' dir='ltr'>veritati</span> <span class='ocrx_word' id='word_1_208' title='bbox 360 3119 409 3169; x_wconf 89' lang='lat' dir='ltr'>ne</span> <span class='ocrx_word' id='word_1_209' title='bbox 429 3090 628 3193; x_wconf 91' lang='lat' dir='ltr'>quldquam</span> <span class='ocrx_word' id='word_1_210' title='bbox 642 3091 875 3193; x_wconf 81' lang='lat' dir='ltr'>praejudicat</span> <span class='ocrx_word' id='word_1_211' title='bbox 925 3092 1203 3195; x_wconf 83' lang='lat' dir='ltr'>Aegyptiorum</span> <span class='ocrx_word' id='word_1_212' title='bbox 1226 3098 1288 3175; x_wconf 86' lang='lat' dir='ltr'>Dii</span> <span class='ocrx_word' id='word_1_213' title='bbox 1304 3126 1386 3178; x_wconf 91' lang='lat' dir='ltr'>non</span> <span class='ocrx_word' id='word_1_214' title='bbox 1406 3103 1487 3182; x_wconf 87' lang='lat' dir='ltr'>sue·</span> <span class='ocrx_word' id='word_1_215' title='bbox 1563 3152 1566 3163; x_wconf 50' lang='grc' dir='ltr'><strong><em>ι</em></strong></span> 
     </span>
     <span class='ocr_line' id='line_1_26' title="bbox 195 3192 1551 3301; baseline 0.01 -25"><span class='ocrx_word' id='word_1_216' title='bbox 195 3215 285 3276; x_wconf 89' lang='lat' dir='ltr'>tunt</span> <span class='ocrx_word' id='word_1_217' title='bbox 304 3196 464 3291; x_wconf 73' lang='lat' dir='ltr'>heroes,</span> <span class='ocrx_word' id='word_1_218' title='bbox 496 3216 567 3270; x_wconf 91' lang='lat' dir='ltr'>nec</span> <span class='ocrx_word' id='word_1_219' title='bbox 587 3192 753 3296; x_wconf 88' lang='lat' dir='ltr'>processu</span> <span class='ocrx_word' id='word_1_220' title='bbox 768 3201 966 3299; x_wconf 89' lang='lat' dir='ltr'>temporis,</span> <span class='ocrx_word' id='word_1_221' title='bbox 994 3194 1080 3274; x_wconf 90' lang='lat' dir='ltr'>suos</span> <span class='ocrx_word' id='word_1_222' title='bbox 1102 3198 1272 3278; x_wconf 90' lang='lat' dir='ltr'>Deorum</span> <span class='ocrx_word' id='word_1_223' title='bbox 1298 3206 1487 3288; x_wconf 89' lang='lat' dir='ltr'>consortio</span> <span class='ocrx_word' id='word_1_224' title='bbox 1538 3274 1551 3301; x_wconf 56' lang='lat' dir='ltr'><em>s</em></span> 
     </span>
     <span class='ocr_line' id='line_1_27' title="bbox 52 3296 1490 3407; baseline 0.009 -26"><span class='ocrx_word' id='word_1_225' title='bbox 52 3376 59 3381; x_wconf 86' lang='lat'><em>.</em></span> <span class='ocrx_word' id='word_1_226' title='bbox 80 3363 84 3369; x_wconf 80' lang='grc'><em>.</em></span> <span class='ocrx_word' id='word_1_227' title='bbox 195 3296 457 3400; x_wconf 85' lang='lat' dir='ltr'>adscripserunt</span> <span class='ocrx_word' id='word_1_228' title='bbox 474 3298 630 3394; x_wconf 81' lang='lat' dir='ltr'>heroes,</span> <span class='ocrx_word' id='word_1_229' title='bbox 654 3313 696 3374; x_wconf 90' lang='lat' dir='ltr'>vt</span> <span class='ocrx_word' id='word_1_230' title='bbox 716 3297 832 3376; x_wconf 84' lang='lat' dir='ltr'>moris</span> <span class='ocrx_word' id='word_1_231' title='bbox 852 3314 930 3375; x_wconf 90' lang='lat' dir='ltr'>erat</span> <span class='ocrx_word' id='word_1_232' title='bbox 944 3305 1042 3378; x_wconf 88' lang='lat' dir='ltr'>inter</span> <span class='ocrx_word' id='word_1_233' title='bbox 1058 3300 1267 3405; x_wconf 89' lang='lat' dir='ltr'>Romanos,</span> <span class='ocrx_word' id='word_1_234' title='bbox 1291 3316 1354 3407; x_wconf 86' lang='lat' dir='ltr'>qui</span> <span class='ocrx_word' id='word_1_235' title='bbox 1378 3320 1490 3394; x_wconf 88' lang='lat' dir='ltr'>toties</span> 
     </span>
     <span class='ocr_line' id='line_1_28' title="bbox 196 3396 1491 3582; baseline 0.011 -99"><span class='ocrx_word' id='word_1_236' title='bbox 196 3406 319 3483; x_wconf 92' lang='lat' dir='ltr'>altaria</span> <span class='ocrx_word' id='word_1_237' title='bbox 338 3399 465 3479; x_wconf 88' lang='lat' dir='ltr'>divum</span> <span class='ocrx_word' id='word_1_238' title='bbox 486 3397 669 3479; x_wconf 85' lang='lat' dir='ltr'>¹addebant</span> <span class='ocrx_word' id='word_1_239' title='bbox 695 3416 733 3478; x_wconf 89' lang='lat' dir='ltr'>et</span> <span class='ocrx_word' id='word_1_240' title='bbox 737 3398 876 3582; x_wconf 53' lang='grc' dir='ltr'>ιλἷῗοίἰὶε</span> <span class='ocrx_word' id='word_1_241' title='bbox 898 3396 964 3479; x_wconf 87' lang='lat' dir='ltr'>fibi</span> <span class='ocrx_word' id='word_1_242' title='bbox 989 3430 1091 3482; x_wconf 90' lang='lat' dir='ltr'>nova</span> <span class='ocrx_word' id='word_1_243' title='bbox 1111 3406 1273 3506; x_wconf 83' lang='lat' dir='ltr'>Numina</span> <span class='ocrx_word' id='word_1_244' title='bbox 1295 3411 1491 3519; x_wconf 86' lang='lat' dir='ltr'>faciebant,</span> 
     </span>
     <span class='ocr_line' id='line_1_29' title="bbox 197 3501 1492 3615; baseline 0.015 -29"><span class='ocrx_word' id='word_1_245' title='bbox 197 3515 345 3613; x_wconf 86' lang='lat' dir='ltr'>quoties</span> <span class='ocrx_word' id='word_1_246' title='bbox 373 3503 476 3582; x_wconf 91' lang='lat' dir='ltr'>ducis</span> <span class='ocrx_word' id='word_1_247' title='bbox 505 3516 656 3579; x_wconf 88' lang='lat' dir='ltr'>currum</span> <span class='ocrx_word' id='word_1_248' title='bbox 678 3506 737 3608; x_wconf 86' lang='lat' dir='ltr'>pla</span> <span class='ocrx_word' id='word_1_249' title='bbox 777 3501 858 3584; x_wconf 83' lang='lat' dir='ltr'>ibus</span> <span class='ocrx_word' id='word_1_250' title='bbox 881 3524 1133 3612; x_wconf 76' lang='lat' dir='ltr'>exceperant.¹</span> <span class='ocrx_word' id='word_1_251' title='bbox 1171 3511 1305 3615; x_wconf 87' lang='lat' dir='ltr'>Certe,</span> <span class='ocrx_word' id='word_1_252' title='bbox 1344 3514 1492 3605; x_wconf 86' lang='lat' dir='ltr'>sthaec</span> 
     </span>
     <span class='ocr_line' id='line_1_30' title="bbox 197 3606 1493 3731; baseline 0.013 -39"><span class='ocrx_word' id='word_1_253' title='bbox 197 3607 427 3692; x_wconf 89' lang='lat' dir='ltr'>consuetudo</span> <span class='ocrx_word' id='word_1_254' title='bbox 464 3614 504 3686; x_wconf 92' lang='lat' dir='ltr'>in</span> <span class='ocrx_word' id='word_1_255' title='bbox 542 3607 723 3711; x_wconf 83' lang='lat' dir='ltr'>Aegypto</span> <span class='ocrx_word' id='word_1_256' title='bbox 766 3606 997 3711; x_wconf 77' lang='lat' dir='ltr'>obtinuisset,</span> <span class='ocrx_word' id='word_1_257' title='bbox 1044 3609 1200 3719; x_wconf 76' lang='lat' dir='ltr'>Bustrts,</span> <span class='ocrx_word' id='word_1_258' title='bbox 1248 3619 1493 3731; x_wconf 86' lang='lat' dir='ltr'>Osmanduas,</span> 
     </span>
     <span class='ocr_line' id='line_1_31' title="bbox 197 3710 1495 3813; baseline 0.014 -23"><span class='ocrx_word' id='word_1_259' title='bbox 197 3713 366 3795; x_wconf 86' lang='lat' dir='ltr'>Sesostris</span> <span class='ocrx_word' id='word_1_260' title='bbox 400 3712 541 3808; x_wconf 90' lang='lat' dir='ltr'>etalii,</span> <span class='ocrx_word' id='word_1_261' title='bbox 578 3718 619 3789; x_wconf 91' lang='lat' dir='ltr'>in</span> <span class='ocrx_word' id='word_1_262' title='bbox 645 3714 815 3792; x_wconf 90' lang='lat' dir='ltr'>Deorum</span> <span class='ocrx_word' id='word_1_263' title='bbox 845 3710 995 3795; x_wconf 87' lang='lat' dir='ltr'>censum</span> <span class='ocrx_word' id='word_1_264' title='bbox 1022 3716 1172 3802; x_wconf 73' lang='lat' dir='ltr'>fuissent</span> <span class='ocrx_word' id='word_1_265' title='bbox 1199 3727 1314 3806; x_wconf 87' lang='lat' dir='ltr'>relati.</span> <span class='ocrx_word' id='word_1_266' title='bbox 1377 3732 1495 3813; x_wconf 87' lang='lat' dir='ltr'>Mitto</span> 
     </span>
     <span class='ocr_line' id='line_1_32' title="bbox 197 3813 1530 3927; baseline 0.001 -30"><span class='ocrx_word' id='word_1_267' title='bbox 197 3821 357 3920; x_wconf 90' lang='lat' dir='ltr'>reliqua,</span> <span class='ocrx_word' id='word_1_268' title='bbox 382 3840 478 3919; x_wconf 89' lang='lat' dir='ltr'>quae</span> <span class='ocrx_word' id='word_1_269' title='bbox 500 3822 591 3893; x_wconf 87' lang='lat' dir='ltr'>tanti</span> <span class='ocrx_word' id='word_1_270' title='bbox 616 3842 695 3895; x_wconf 91' lang='lat' dir='ltr'>non</span> <span class='ocrx_word' id='word_1_271' title='bbox 713 3813 797 3895; x_wconf 87' lang='lat' dir='ltr'>sunt</span> <span class='ocrx_word' id='word_1_272' title='bbox 822 3823 1027 3926; x_wconf 87' lang='lat' dir='ltr'>momenti,</span> <span class='ocrx_word' id='word_1_273' title='bbox 1049 3841 1098 3907; x_wconf 74' lang='lat' dir='ltr'>ut</span> <span class='ocrx_word' id='word_1_274' title='bbox 1111 3826 1164 3907; x_wconf 77' lang='lat' dir='ltr'>ab</span> <span class='ocrx_word' id='word_1_275' title='bbox 1185 3855 1264 3927; x_wconf 77' lang='lat' dir='ltr'>ea,</span> <span class='ocrx_word' id='word_1_276' title='bbox 1292 3854 1421 3926; x_wconf 62' lang='lat' dir='ltr'>onam</span> <span class='ocrx_word' id='word_1_277' title='bbox 1438 3850 1530 3898; x_wconf 68' lang='lat' dir='ltr'>anx-</span> 
     </span>
     <span class='ocr_line' id='line_1_33' title="bbox 47 3918 1231 4033; baseline 0.01 -35"><span class='ocrx_word' id='word_1_278' title='bbox 47 3928 56 3943; x_wconf 87' lang='grc'>’</span> <span class='ocrx_word' id='word_1_279' title='bbox 110 4004 115 4013; x_wconf 67' lang='grc'><em>,</em></span> <span class='ocrx_word' id='word_1_280' title='bbox 197 3926 327 4033; x_wconf 69' lang='lat' dir='ltr'>plenus</span> <span class='ocrx_word' id='word_1_281' title='bbox 356 3918 456 4017; x_wconf 89' lang='lat' dir='ltr'>sum,</span> <span class='ocrx_word' id='word_1_282' title='bbox 500 3926 679 4025; x_wconf 89' lang='lat' dir='ltr'>opinione</span> <span class='ocrx_word' id='word_1_283' title='bbox 705 3918 951 4017; x_wconf 85' lang='lat' dir='ltr'>discederem.</span> <span class='ocrx_word' id='word_1_284' title='bbox 1228 3956 1231 3961; x_wconf 82' lang='lat'><em>·</em></span> 
     </span>
    </p>
   </div>
   <div class='ocr_carea' id='block_1_7' title="bbox 1502 4053 1625 4164">
    <p class='ocr_par' dir='ltr' id='par_1_14' title="bbox 1502 4053 1625 4164">
     <span class='ocr_line' id='line_1_34' title="bbox 1502 4053 1625 4164; baseline 0 0"><span class='ocrx_word' id='word_1_285' title='bbox 1502 4053 1625 4164; x_wconf 57' lang='lat' dir='ltr'>aa·</span> 
     </span>
    </p>
   </div>
   <div class='ocr_carea' id='block_1_8' title="bbox 0 0 1724 4476">
    <p class='ocr_par' dir='ltr' id='par_1_15' title="bbox 0 0 1724 4476">
     <span class='ocr_line' id='line_1_35' title="bbox 0 0 1724 4476; baseline 0 0"><span class='ocrx_word' id='word_1_286' title='bbox 0 0 1724 4476; x_wconf 95' lang='lat' dir='ltr'> </span> 
     </span>
    </p>
   </div>
   <div class='ocr_carea' id='block_1_9' title="bbox 210 4229 743 4342">
    <p class='ocr_par' dir='ltr' id='par_1_16' title="bbox 210 4229 743 4342">
     <span class='ocr_line' id='line_1_36' title="bbox 210 4229 743 4342; baseline 0.054 -51"><span class='ocrx_word' id='word_1_287' title='bbox 210 4229 247 4308; x_wconf 65' lang='lat' dir='ltr'>s)</span> <span class='ocrx_word' id='word_1_288' title='bbox 266 4234 415 4319; x_wconf 61' lang='lat' dir='ltr'>{strodes</span> <span class='ocrx_word' id='word_1_289' title='bbox 440 4240 507 4310; x_wconf 85' lang='lat' dir='ltr'>Lr&#39;b.</span> <span class='ocrx_word' id='word_1_290' title='bbox 525 4246 570 4315; x_wconf 70' lang='lat' dir='ltr'>Il.</span> <span class='ocrx_word' id='word_1_291' title='bbox 594 4250 673 4342; x_wconf 85' lang='lat' dir='ltr'>Cap.</span> <span class='ocrx_word' id='word_1_292' title='bbox 692 4267 743 4331; x_wconf 78' lang='lat'>50.</span> 
     </span>
    </p>
   </div>
  </div>
 </body>
</html>
