3390 4476
258 254 261 258 .
711 232 929 287 ·.⁰'

261 292 408 333 ·'i

151 357 235 466 v'aa
296 392 298 396 ’
385 378 1373 495 'sacr10111'.,creruvrrracvrrvsj
1444 429 1446 432 -

152 571 155 575 ⁵
193 578 413 662 ''animabum
434 545 644 680 originem,
666 573 856 683 ingeniose
872 574 954 659 satis
976 556 1258 677 concinnatam!
1284 602 1416 686 verum
1435 565 1505 658 ista
1608 652 1622 664 ,

194 711 278 763 non
302 684 346 761 ad
367 681 532 783 causam,
558 680 631 760 sed.
646 688 770 784 potius
792 682 836 758 ad
857 679 1087 783 progressum
1109 684 1219 783 hujus
1239 679 1505 789 superstitionis
1577 682 1582 687 ’

193 787 377 893 spetiant,
404 802 447 869 vt
470 812 518 865 ex
539 784 776 890 sequentibus
802 784 997 890 apparebit.
1331 802 1335 809 ‘

534 995 538 999 ’
601 994 912 1141 suerro.
980 997 1082 1105 111.
1371 910 1376 915 ’

783 1467 816 1562 §.
875 1487 915 1557 15.

269 1591 472 1675 Praemiffis
492 1595 548 1672 his
569 1593 761 1695 obiterque
781 1593 961 1691 difcusfis‚
986 1589 1030 1669 ad
1046 1616 1126 1671 rem
1142 1593 1259 1697 ipsam'
1270 1594 1446 1679 accedam
1464 1613 1504 1676 et

194 1727 291 1805 quae
309 1723 457 1779 mecum
478 1698 794 1798 meditatorium,
822 1698 868 1776 de
889 1705 1006 1800 prima
1049 1694 1229 1777 ortentosr
1246 1702 1367 1780 cultus
1381 1699 1501 1802 eausa,
1559 1712 1563 1717 '

195 1828 392 1909 exponam.
449 1801 574 1880 Nemo
598 1818 722 1879 tamen
751 1829 812 1881 me
842 1803 948 1878 illum
979 1827 999 1878 e
1029 1826 1050 1875 e
1083 1819 1212 1901 putet,
1257 1814 1322 1907 qui
1352 1831 1503 1907 omnes,
1527 1828 1534 1889 ,’

195 1900 327 2012 quibus
353 1908 445 1983 haec
474 1918 534 1983 re's
558 1906 728 1984 involuta
750 1904 823 2004 est',
849 1907 1028 2001 tenebrae
1044 1902 1213 2010 diffipare
1236 1908 1356 2012 poffit.
1410 1912 1501 1993 Satis

194 2010 266 2091 esse
298 2034 408 2108 reor,
443 2005 470 2084 si
503 2009 766 2109 aliquantulum
803 2011 894 2114 iocis
922 2017 963 2088 in
998 2011 1064 2087 has
1104 2011 1275 2092 tenebras
1311 2014 1502 2109 inferatur.

126 2162 129 2169 ι
194 2112 313 2216 Quod
328 2129 370 2189 vt
386 2137 457 2214 pro
477 2113 631 2191 modulo
653 2119 692 2188 in
720 2118 793 2190 enii
816 2111 968 2212 faciam,
994 2137 1083 2217 prat
1100 2116 1280 2197 omnibus
1301 2098 1506 2207 obsereare'
1572 2145 1580 2151 ·

193 2220 323 2313 veiim,
346 2222 465 2314 caute,
489 2239 583 2316 quae
598 2215 643 2291 ad
660 2139 732 2315 ipsa
747 2218 868 2294 cultus
881 2218 994 2319 hujus
1007 2220 1210 2321 primordia
1225 2231 1430 2324 pertinent,
1457 2223 1501 2304 ab

193 2331 239 2401 iis
269 2317 513 2415 secernenda,
547 2343 638 2421 quae
668 2317 864 2422 scriptores
890 2321 1061 2424 profani,
1101 2325 1163 2399 vei
1189 2324 1526 2408 exiacerdotum
1619 2332 1622 2353 '⁴

195 2451 285 2523 ore,
315 2422 377 2500 vei
397 2422 502 2522 vulgi
517 2425 845 2524 interpretatione,
880 2425 1087 2505 venditant.
1139 2427 1380 2529 Herodotus,
1416 2431 1501 2509 Plu·
1648 2436 1659 2461 ⁴

192 2528 345 2610 tarchus
362 2540 401 2601 et
413 2522 628 2623 Diodorus,
653 2524 910 2629 Aegyptiacae
930 2535 1158 2632 antiquitatis
1179 2542 1401 2634 ceteroquin
1414 2533 1498 2637 pro·
1594 2605 1600 2624 s
1635 2550 1649 2573 ·

192 2657 277 2713 mus
304 2626 469 2724 condus,
493 2642 707 2731 corruptam
731 2629 793 2707 diu
812 2639 934 2733 gentis
958 2631 1168 2729 historiam,
1206 2630 1282 2712 srne
1304 2638 1436 2714 ordine
1461 2651 1499 2712 et
1528 2688 1532 2693 -

144 2806 148 2810 .
191 2733 327 2816 selesiu
350 2730 459 2810 nobis
486 2728 707 2829 describunt,
734 2749 771 2810 et
785 2741 903 2811 varias
917 2737 988 2810 hac
1002 2734 1048 2810 de
1071 2758 1112 2806 re
1128 2740 1326 2832 opiniones
1341 2759 1495 2810 enume-

187 2854 285 2924 rant.
337 2835 398 2909 De
425 2832 499 2935 ipsa
528 2837 583 2928 rei
609 2832 736 2910 indole
767 2851 804 2912 et
821 2835 1131 2936 hieroglyphice,
1165 2856 1278 2934 quem
1299 2842 1497 2937 antiquitus

116 2997 124 3008 ,
191 2942 422 3041 babuerunt,
459 2931 584 3032 sensu,
625 2960 808 3037 perpauca
837 2934 935 3039 apud
964 2962 1032 3015 eos
1058 2941 1307 3017 inveniuntur
1335 2940 1498 3038 vestigia,
1562 3002 1565 3007 .

189 3072 304 3151 quae,
329 3036 356 3118 fi
372 3036 581 3142 sequamur,
606 3037 651 3116 ad
667 3037 773 3117 devia
788 3037 931 3118 ducunt
950 3045 1132 3140 incautos.
1186 3041 1327 3126 Tutius
1347 3073 1394 3126 ex
1413 3040 1498 3150 ipsis

191 3150 246 3232 est
264 3151 413 3228 haurire
434 3139 624 3242 sontibus,
650 3166 746 3246 quos
770 3147 845 3243 jam
864 3168 1108 3250 properamus
1127 3141 1238 3226 adire.
1382 3144 1384 3157 '
1439 3160 1452 3175 “·

778 3303 810 3400 b·
875 3309 924 3387 16,

186 3434 190 3439 ¹
266 3433 516 3520 Consentiunt
530 3437 571 3509 in
587 3456 635 3512 eo
651 3431 734 3511 sore
752 3458 906 3534 omnes,
931 3433 1360 3537 priscosAegyptioru'm
1373 3430 1489 3526 Deos,
1641 3529 1644 3531 Α

190 3550 365 3627 homines
388 3533 513 3634 fuisse,
551 3535 739 3634 gestorum
749 3535 856 3617 sama
882 3554 920 3617 et
945 3540 1077 3640 quibus
1099 3554 1250 3636 gentem
1274 3535 1490 3628 affecerunt,
1543 3544 1545 3549 ’

189 3642 459 3751 beneficiorum
480 3647 592 3741 copia
605 3642 754 3719 inclitos
773 3645 831 3741 ⁴⁴),
856 3647 1217 3745 quorummemoria
1241 3663 1290 3714 ne
1308 3640 1490 3731 interiret,

191 3768 297 3853 grata
318 3756 357 3823 in
378 3767 444 3820 eos
464 3749 579 3845 pietas
608 3744 871 3827 anniversarias
889 3744 1049 3849 instituit
1069 3740 1319 3836 ceremonias,
1356 3736 1492 3838 quibus
1591 3804 1593 3809 ⁴

182 3855 283 3932 satia
313 3868 351 3928 et
370 3853 501 3936 merita
527 3844 771 3950 spesiantibus
795 3851 844 3930 ob
874 3842 1272 4028 oculosponebmtur.
1324 3840 1423 3919 Cum
1437 3847 1522 3918 ita.

160 3951 241 4052 rins
258 3946 621 4077 conditores'cbari
643 3952 795 4062 effent,
814 3952 997 4064 nragnur'n
1057 3944 1246 4049 'posteris
1270 3939 1492 4116 defidepipm

853 4077 856 4081 .
950 4110 953 4115 Ι
1447 4073 1509 4128 m-

327 1245 558 1391 ouuuun
589 1302 787 1385 currus
817 1209 1118 1386 Risinium
1151 1244 1372 1386 orticius.
1567 1254 1573 1261 ’

916 4140 922 4145 .
956 4142 963 4169 Ἰ
1222 4128 1235 4147 ,

115 4348 119 4352 ·
258 4346 266 4365 .
344 4351 353 4368 ·
434 4336 564 4397 asoa.
871 4358 895 4365 ..
