3390 4476
1101 64 1129 136 ,l

189 372 227 445 rs
290 322 423 456 snei.
455 369 509 429 11.
545 371 613 459 ,oe
648 365 865 427 orimus
901 335 1419 425 c'uaavs'auruaervn
1478 428 1484 437 ,

192 548 308 631 refert
330 548 390 656 θ),
418 550 461 628 ab
478 549 676 652 Aegyptiis
699 548 842 625 caelum
864 551 906 624 in
923 546 1123 626 duodecim
1147 562 1269 650 partes
1285 543 1444 626 divisum
1463 562 1511 628 et
1536 528 1557 595 ‘.
1649 632 1659 643 ,

192 651 352 754 fingulas
371 654 436 732 sub
460 654 615 733 totidem
638 653 850 743 animalium
871 647 1019 753 figuris,
1043 651 1336 754 repraesentatas
1388 650 1545 733 Hane*
1641 722 1649 745 ,

194 756 486 836 distributionem
513 753 818 854 astronomicam,
850 781 932 833 non
954 752 1074 831 solum
1096 752 1238 832 causam
1252 756 1372 833 cultus
1389 752 1510 832 besti-

192 886 299 941 tttum
314 857 404 958 esse,
430 858 491 937 sed
507 858 552 935 ad
567 855 678 959 ipsam
702 860 813 959 hujus
829 855 1094 961 superstitionis
1108 853 1353 936 diverfitatem
1375 855 1508 941 ansam

195 961 342 1062 dedisse,
363 963 573 1061 conjettant
590 963 667 1062 aas).
692 962 877 1040 Animalia
890 968 1068 1039 nimirum
1085 959 1152 1039 ista
1164 962 1339 1061 Zodiaci,
1357 961 1510 1043 ‹luode-

192 1074 267 1145 cim
295 1064 378 1144 sunt
403 1067 468 1142 Dii
490 1061 721 1166 Horoseopi,
752 1064 885 1167 quibus
916 1059 1058 1166 praeest
1082 1065 1386 1168 Pontumorphos
1411 1090 1529 1166 cuns.
1660 1088 1664 1093 '

191 1168 329 1272 septem
343 1164 524 1247 Vfiarchis
548 1169 660 1270 m),
673 1193 768 1266 quos
791 1167 934 1246 idcirco
949 1169 1131 1270 Aegyptii
1151 1185 1194 1246 vt
1213 1170 1318 1249 Deos
1335 1177 1376 1247 in
1398 1167 1508 1256 astris

193 1291 412 1376 regnantes,
439 1269 604 1372 religiose
628 1272 825 1369 coluerunt
846 1269 872 1348 ti
893 1270 999 1348 istam
1022 1279 1225 1373 antiquitus
1246 1275 1428 1377 Aegyptii
1455 1277 1508 1360 de
1581 1300 1591 1315 ‘

194 1375 358 1455 Zodiaco
376 1371 549 1453 fovissent
563 1370 799 1469 sententiam,
827 1400 908 1453 non
923 1374 1123 1453 reinuarer
1136 1373 1296 1457 assentiri
1313 1381 1404 1477 illis,
1438 1391 1509 1483 qui

118 1480 121 1485 ’
193 1486 378 1580 originem
399 1480 607 1557 animalium
623 1477 756 1576 cultuS,
782 1484 822 1554 in
838 1502 885 1556 eo
898 1475 1131 1581 perspiciunt.
1173 1483 1234 1562 De
1250 1485 1310 1565 his
1326 1485 1508 1570 omnibus
1533 1490 1538 1499 ’

172 1582 388 1684 ‚nequidem
410 1580 641 1661 somniarunt
656 1582 745 1657 obm
763 1579 942 1683 Aegyptii
956 1584 1019 1686 †),
1042 1609 1205 1684 quorum
1225 1588 1428 1691 zodiacus,
1440 1595 1507 1672 'nil

189 1683 257 1764 nist
287 1685 432 1764 schema
457 1691 790 1786 praeeminentium
819 1685 1035 1764 Nomorum
1058 1708 1096 1765 et
1114 1690 1387 1797 Metropolium
1410 1715 1504 1800 erat,

192 1815 352 1893 quorum
367 1786 506 1891 ,singuli
530 1786 595 1864 sub
621 1793 731 1864 certis
750 1801 789 1862 et
807 1795 968 1891 propriis
984 1794 1197 1873 animalium
1211 1797 1402 1901 speciebus
1415 1796 1506 1904 prol

150 1986 153 1991 ,
191 1894 428 1998 ponebantur
444 1910 482 1970 et
496 1898 697 1990 vnicuique
713 1914 784 1991 pro
800 1892 979 1989 dignitate
998 1911 1036 1972 et
1049 1908 1235 1998 potentia,
1266 1903 1353 1983 suus
1368 1913 1409 1982 in
1426 1908 1504 1988 hoc

187 1999 333 2075 circulo
360 1999 467 2076 locus
488 2015 566 2079 erat
586 1991 792 2094 affignatus.
844 1995 892 2071 Et
913 2015 1007 2096 quot
1027 2007 1067 2077 in
1080 1992 1263 2109 Aegypto
1281 2012 1504 2092 animalibus
1568 2043 1570 2046 ·

186 2096 455 2202 supplicarunt,
487 2123 646 2202 quorum
674 2105 828 2181 nomina
846 2104 887 2173 in
910 2101 1079 2181 Zodiaco
1101 2133 1182 2185 non
1205 2109 1373 2192 exstant?
1412 2116 1504 2194 Non

184 2205 284 2281 nulla
306 2212 347 2279 in
374 2205 539 2280 Zodiaco
566 2203 755 2299 animalia,
797 2200 842 2276 ab
863 2201 928 2281 ilia
954 2217 1202 2289 veneratione
1228 2213 1312 2291 sunt
1338 2218 1500 2317 exclusa,
1576 2276 1582 2291 .

127 2326 136 2343 “
169 2314 295 2408 -cujus
320 2314 373 2384 rei
397 2305 539 2385 causam
561 2305 697 2384 nullam
723 2304 855 2382 afferre
879 2304 1049 2408 poliunt,
1083 2321 1148 2414 qui
1169 2323 1354 2416 originem
1378 2319 1502 2400 cultus
1536 2332 1565 2387 “.
1599 2335 1628 2406 ᾗ
1670 2358 1674 2363 -

186 2413 399 2490 animalium
421 2419 520 2489 inter
539 2413 771 2512 Aegyptios,
807 2435 853 2486 ex
876 2410 1139 2514 Astronomia,
1182 2433 1373 2514 quactum
1399 2432 1495 2494 tem.

185 2517 427 2620 poris'adhuc
448 2525 489 2596 in
515 2523 640 2623 epiris,
667 2513 694 2592 li
712 2522 762 2596 ite
783 2514 889 2620 loqui
908 2519 1035 2618 liceat,
1066 2517 1253 2618 vagiebat,
1283 2516 1492 2620 profetiam
1627 2542 1631 2546 ’

184 2617 256 2700 esse
278 2619 449 2701 statuunt.
941 2696 945 2701 .

771 2730 803 2834 §.
856 2756 906 2808 10.

255 2848 515 2947 Verifirnilior
534 2890 665 2946 eorum
687 2871 781 2945 ratio
808 2863 879 2962 est,
911 2880 1004 2962 quae
1029 2850 1075 2932 ab
1097 2850 1308 2928 animalium
1331 2834 1488 2929 utilitate
1526 2888 1530 2897 v

148 2963 153 2969 ’
182 2973 345 3055 desumta
368 2977 452 3079 ἢ).
504 2970 718 3075 Aegyptios
743 2993 902 3071 aequum
918 2954 1056 3040 duxisse
1075 2951 1298 3052 existimant,
1325 2960 1490 3053 cognita,

173 3105 273 3183 xqnae
295 3109 341 3158 ex
363 3081 575 3158 animalium
596 3076 662 3153 vsu
682 3082 723 3151 in
738 3075 912 3153 homines
931 3060 1131 3159 redundat,
1157 3058 1333 3156 utilitate,
1359 3055 1490 3151 divino

181 3209 224 3264 ea
246 3183 420 3290 prosequi
444 3187 603 3262 honore.
664 3177 811 3258 Bovem
838 3185 879 3256 in
907 3173 1015 3250 Deos
1043 3163 1276 3263 referebant,
1314 3166 1397 3286 quia
1409 3182 1488 3338 penp
1534 3283 1536 3285 ι
1677 3271 1681 3277 ¹

752 3314 778 3343 ,·
926 3335 931 3341 .
1205 3342 1209 3353 ,
1268 3342 1275 3351 Ι
1369 3287 1445 3369 spu
1567 3346 1592 3363 .-

223 3423 260 3502 2)
284 3429 326 3485 De
343 3421 444 3484 Astrol.
464 3425 557 3485 Tonr.
571 3423 594 3482 I.
619 3443 681 3501 pag.
696 3436 763 3496 849.
792 3414 922 3482 Macrob.
939 3406 1080 3476 Saturnal.
1103 3409 1166 3472 Lib.
1180 3410 1204 3467 I.
1227 3408 1296 3489 Cap.
1311 3402 1403 3502 livil-
1624 3387 1643 3407 ‘

224 3509 281 3585 is)
304 3510 431 3569 Kirclnr.
448 3509 553 3591 oedip,
570 3514 690 3592 Aegypt.
723 3511 815 3583 Tom.
831 3508 866 3569 li,
886 3506 959 3565 Part.
969 3504 1097 3584 l1.2pag.
1111 3501 1176 3556 160.
1218 3494 1333 3558 Banierr
1353 3485 1423 3552 Hali.
1451 3481 1488 3546 de

268 3592 377 3653 l’Acad.
398 3592 446 3653 des
468 3593 596 3671 inscript.
622 3596 715 3666 Turn.
732 3596 784 3653 VI.
807 3615 836 3676 p.
854 3605 903 3666 127
919 3584 977 3671 sq(

181 3706 185 3715 ·
225 3677 303 3756 enta)
326 3678 421 3739 Kirch.
439 3678 563 3740 Obelisc.
580 3679 698 3762 Pamph.
719 3679 783 3741 Lib.
798 3682 836 3739 11.
859 3677 931 3752 Cep.
946 3675 983 3745 Χ.
1005 3691 1070 3756 pag.
1089 3688 1150 3749 170.
1191 3663 1332 3748 Porphyr.
1352 3659 1437 3745 Eprsi.
1454 3654 1514 3747 ati.

268 3764 437 3831 linebonem
453 3766 598 3831 Mysteriis
617 3770 738 3848 Aegypt.
752 3761 897 3847 praemiss.
922 3760 986 3842 pag]
1002 3776 1030 3841 7.
1053 3755 1110 3834 legi
1128 3771 1246 3834 quoque
1260 3747 1392 3833 possunt,
1414 3762 1490 3827 quae
1658 3803 1669 3813 ,

268 3848 422 3917 Cherbury
446 3848 481 3909 de
508 3851 601 3926 Relig.
619 3850 773 3928 gentilite
795 3849 874 3911 cultu
898 3845 1047 3935 stellarum
1067 3840 1186 3904 disserit.
1212 3841 1282 3922 Cap.
1297 3838 1341 3898 ΙΙ.
1364 3853 1427 3918 pag.
1447 3835 1492 3892 16.
1599 3845 1622 3883 '.
1660 3908 1663 3913 Ι

260 3949 292 3997 et
306 3937 376 4016 Cap.
390 3935 467 3993 XIV.
492 3956 557 4014 pag.
574 3955 643 4018 247,
1371 4000 1397 4019 Ἴ
1587 3931 1591 3934 ·
1621 3968 1643 4010 '.

197 4015 234 4096 7‘)
252 4019 388 4080 Manerlr.
402 4019 575 4096 apoteiesnt.
599 4024 667 4089 Lib.
677 4028 735 4093 tl...
746 4045 816 4112 pag.
834 4043 878 4098 23.
901 4034 934 4082 et
949 4037 1006 4092 iao
1031 4020 1096 4098 sqq.
1130 4025 1164 4074 et
1180 4005 1442 4077 iiixmelimuue
1458 4000 1557 4060 bsx-¹
1612 4010 1631 4043 -·

230 4103 305 4165 Cri-l.
325 4108 405 4169 Part.
431 4110 454 4172 l.
486 4115 555 4176 Lib.
572 4118 598 4179 Ι.
633 4115 661 4204 p.
685 4119 741 4180 111.
776 4137 845 4201 pag.
863 4130 890 4183 13
905 4123 938 4171 et
956 4127 1005 4182 14.
1030 4096 1174 4180 Detttth.
1188 4085 1285 4170 ilbets.
1332 4148 1338 4155 .
1370 4109 1375 4115 ’
1451 4118 1454 4123 ·

160 4185 219 4267 ts)
251 4191 386 4255 Diodor.
418 4196 547 4269 bibliot.
576 4204 648 4269 hisi.
677 4190 748 4270 [lb.
764 4205 791 4268 I.
824 4187 904 4289 Cap.
924 4208 978 4275 8'1.
1015 4203 1154 4280 μιμῇ.
1194 4167 1406 4248 strumense
1418 4158 1497 4223 biab-
1514 4169 1575 4232 xx.

194 4274 313 4341 offis·
346 4303 425 4369 1²⁸5·
443 4306 513 4364 380·
567 4280 693 4366 cr'cc‘ro
713 4290 755 4364 de
778 4308 890 4364 natur.
913 4293 1018 4357 neor.
1036 4276 1156 4349 tani·
1180 4260 1332 4346 ΨΜ*
