3390 4476
164 387 205 453 ac
269 342 381 452 saer.
407 392 474 456 111.
511 387 581 448 aa
608 384 802 448 eruvrnn
828 385 992 475 cvrrvs
1020 384 1188 453 rurum.
1208 393 1409 483 „ourenvn
1494 458 1498 475 ,

165 572 258 667 dum
273 573 425 672 regulas.
437 575 522 651 artis
540 562 743 666 statuariae,
767 570 955 673 eleganter
970 569 1207 674 exasciarent,
1232 571 1393 677 pretiola
1406 597 1476 651 ex·

164 675 396 759 struerentur
411 671 587 772 aedificia,
605 681 644 751 in
658 674 790 776 quibus
804 688 978 777 tanquam
993 700 1077 755 arce
1092 672 1249 761 residere
1263 673 1405 780 possent
1417 677 1477 778 ἢ.
1560 724 1565 731 -

169 778 363 880 Qudquid
379 781 510 882 populi
530 775 649 855 sensus
664 772 809 855 afficere
825 797 862 856 et
877 785 916 853 in
940 776 1221 859 admirationem
1243 806 1371 884 rapere
1392 778 1479 882 pot'·
1598 792 1608 798 '

170 899 269 981 erat,
300 881 501 981 ingeniosa¹
515 875 847 961 artificummanu's
868 879 992 958 statuis
1012 883 1302 984 hieroglyphicis
1322 880 1480 963 affinxe-

170 1003 239 1084 rat,
264 1000 306 1063 vt
332 986 385 1059 nil
403 980 471 1060 nisr
495 992 570 1061 vita
592 979 711 1074 deeffe
734 984 933 1061 videretur.
984 984 1103 1067 Facile
1122 985 1324 1065 divinando
1340 984 1481 1087 allequi

169 1086 309 1193 potest,
338 1095 404 1189 qui
416 1095 569 1166 noverit
583 1088 782 1163 hominum
796 1087 980 1186 indolem,
1011 1088 1056 1165 ad
1066 1100 1216 1189 quaevis
1232 1088 1479 1194 superstitiosa

172 1192 402 1295 proclivem,
436 1190 524 1291 quid
548 1186 736 1291 adspedlus
760 1191 898 1278 horum
922 1190 1201 1293 symbolorum,
1228 1204 1321 1296 qua'e
1342 1191 1480 1297 figura,

172 1291 293 1395 gestu,
321 1317 389 1369 ore
415 1310 453 1370 et
476 1291 665 1390 manibus,
698 1291 760 1369 sua
788 1299 829 1370 in
851 1296 1033 1395 populum
1054 1304 1184 1372 merita
1214 1298 1480 1401 loquebantur,
1608 1360 1611 1369 .

173 1397 338 1474 effecerit
363 1413 400 1472 et
419 1413 595 1496 quantam
617 1420 703 1496 erga
724 1397 784 1471 illa
809 1404 1026 1476 excitaverit
1050 1397 1303 1484 devotionem.
1356 1400 1504 1486 Prime⁷

122 1530 127 1539 ·
173 1501 236 1578 hic
264 1507 375 1601 origo
394 1496 630 1602 ‘sacerdotum
650 1518 688 1577 et
706 1499 942 1602 templorum.

759 1650 792 1757 §.
840 1681 892 1747 24.

137 1769 140 1775 ’
245 1787 350 1864 Haec
373 1801 415 1863 vt
437 1784 591 1862 devotio
610 1785 759 1863 altiores
783 1793 824 1862 in
844 1793 975 1867 animis
991 1789 1133 1869 radices
1151 1808 1295 1900 ageret,
1316 1820 1338 1872 e
1358 1819 1399 1872 re
1419 1792 1481 1874 sua

171 1885 242 1969 elle
268 1885 464 1987 censebant
484 1887 677 1966 Antistites
699 1904 733 1964 et
757 1889 988 1970 ludicrorum
1015 1893 1215 1998 praefedb,
1247 1919 1290 1978 vt
1315 1905 1481 1979 inventis

172 1993 260 2096 quid
275 1993 663 2093 adderent'novosque
685 1989 863 2075 festorum
880 2003 972 2074 ritus
985 2000 1289 2102 introducerent,
1317 2012 1382 2104 qui
1402 2016 1483 2082 n'on

172 2094 436 2192 diffimilesiis,
459 2094 591 2194 quibus
616 2094 897 2173 honorabantur
915 2126 1032 2202 reges.
1068 2108 1128 2182 Sic
1142 2105 1209 2185 vsu
1231 2109 1418 2206 veniebat,
1442 2124 1483 2184 vt
1610 2124 1634 2157 1'
1658 2156 1666 2167 -

172 2222 306 2280 coram
329 2197 527 2307 symbolis,
566 2217 676 2300 caput
697 2219 915 2300 curvarent,
950 2229 1072 2310 gerrua
1093 2207 1309 2305 fleclerent,
1349 2190 1509 2290 manuv‘
1559 2276 1565 2281 .
1599 2218 1603 2224 ’

175 2302 430 2389 oscularentur
441 2317 477 2378 et
493 2299 538 2376 ad
552 2324 594 2378 ea
611 2301 867 2403 extenderent,
888 2332 1044 2388 munera
1056 2307 1133 2387 srve
1148 2333 1281 2409 terrae,
1309 2310 1387 2409 five
1407 2315 1481 2392 fru-
1581 2395 1584 2399 ,

176 2407 257 2485 dus
271 2409 401 2507 cernui
417 2405 600 2482 offerrent
612 2422 681 2482 etc.
708 2404 829 2510 Reges
843 2435 960 2512 aeque
973 2437 1015 2490 ac
1033 2416 1259 2515 populorum
1271 2418 1483 2514 Magnates,

172 2511 327 2616 publicis
351 2506 448 2586 hide
464 2518 689 2587 ceremoniis
702 2517 908 2590 intererant
928 2512 1070 2612 suoque
1095 2519 1271 2614 exemplo
1288 2523 1482 2591 mirumin
1532 2521 1535 2527 ’
1589 2515 1592 2520 ’

171 2615 327 2693 modum
343 2608 621 2717 amplificabant„
670 2602 823 2714 lsthaee,
850 2633 887 2692 et
902 2640 994 2714 quae
1007 2616 1043 2690 id
1060 2642 1179 2716 genus
1201 2613 1479 2714 superstitionis,

200 2717 377 2814 raeludia,
412 2736 505 2819 quae
519 2717 689 2819 abuinitio
707 2714 809 2795 mere
825 2733 932 2791 erant
945 2717 1085 2806 civilia,
1113 2725 1217 2809 regni
1240 2714 1477 2813 tenebrarum
1574 2792 1580 2801 Ι
1647 2792 1653 2799 ἢ

153 2745 436 2918 ..ῗυηάεωεητα,
463 2819 691 2911 adminiculo
714 2817 936 2909 calliditatis,
960 2818 1131 2908 jecerunt
1149 2824 1189 2888 et
1206 2819 1381 2908 ignarum
1397 2809 1486 2927 vul·¹
1542 2879 1558 2888 -

172 2906 240 3034 gus
258 2923 437 3030 gradatim
454 2925 499 3004 ad
518 2918 909 3031 porlentatraxerunt
932 2915 1006 3009 ³⁸⁴).

736 3079 801 3176 s..
845 3084 892 3168 25·

158 3262 164 3275 ν
220 3218 423 3297 iastillatls
443 3237 544 3292 nunc
569 3210 679 3291 semel
702 3209 954 3314 praejudiciis,
978 3202 1132 3284 vlterius
1152 3202 1329 3304 progredi
1355 3209 1477 3298 omni-

178 3316 322 3426 busque
343 3341 381 3401 et
401 3315 550 3418 fingulis
573 3317 787 3421 persuadere
806 3309 1077 3402 conveniebat,
1101 3307 1262 3383 Numina
1280 3306 1330 3380 ob
1347 3314 1476 3381 merita

177 3443 218 3505 et
243 3437 412 3520 virtutes,
439 3423 571 3524 quibus
594 3427 743 3497 interra
760 3410 1037 3520 splenduiffent,
1064 3408 1168 3513 supra
1182 3411 1375 3485 hominurn
1398 3403 1475 3484 sor-

178 3546 252 3608 tem
270 3531 380 3630 longe
401 3527 506 3622 elata,
519 3527 649 3601 ,multo
670 3530 850 3620 majorem
868 3524 943 3623 jam
964 3513 1145 3620 poffidere
1165 3507 1399 3614 potestatem,
1432 3522 1475 3585 vt
1567 3597 1572 3609 .

176 3633 281 3709 malis
304 3632 417 3723 mala,
448 3629 557 3706 bonis
580 3635 731 3728 quaevis
755 3625 853 3705 bona
874 3645 913 3702 et
934 3621 1102 3701 fortunas
1126 3611 1474 3733 pollentimpertiri.

178 3730 385 3836 Oporteret
404 3729 490 3808 ideo
515 3755 663 3829 omnes,
690 3737 752 3831 qui
775 3729 812 3808 se
834 3728 931 3834 ipsos
952 3713 1494 3818 amarentet.suiscommod1s¹

939 3914 945 3923 ¹
1060 3854 1085 3870 -’
1146 3828 1151 3838 “
1312 3814 1479 3920 impense
1606 3882 1617 3889 .

205 3952 376 4032 velmob,
399 3953 466 4017 lib.
482 3955 532 4018 vi.
555 3946 669 4024 niver-'l
683 3969 761 4038 gent.
778 3978 812 4039 p,
828 3973 889 4030 192.
922 3995 925 3998 ι
1365 4032 1368 4039 .
1516 3979 1526 3989 ·

183 4036 246 4115 θ’)
263 4043 310 4101 Ex
328 4040 380 4103 liis
403 4041 474 4104 sartis
497 4043 613 4119 elucet,
645 4044 828 4113 animalium
850 4041 965 4108 cultum
983 4060 1048 4102 non
1071 4059 1140 4100 eum
1157 4025 1416 4106 irritamentum„
1435 4024 1492 4086 kb

205 4128 283 4204 1²⁰¹?
299 4125 397 4204 ‘0⁰52
420 4129 589 4199 intervalla
611 4138 880 4223 inter-Aegyptios
902 4125 1073 4195 incusum.
1114 4129 1201 4198 Qrae
1220 4107 1391 4211 bebrinio&
1400 4112 1513 4165 barm.

197 4204 278 4303 ‚¹3³⁶st
305 4217 439 4283 Parc,11‚
468 4224 540 4289 Lib.
560 4228 650 4292 VIII.
675 4223 704 4316 5
727 4250 740 4293 1
759 4226 806 4311 sq.
832 4221 975 4309 diderit,
995 4218 1113 4279 merito
1134 4191 1542 4313 reottmbffiffibxbm

179 4307 224 4417 ‘4
238 4292 399 4413 ‘idota
425 4311 525 4380 sanir.
557 4314 648 4406 Most
679 4321 768 4389 carc.
786 4320 832 4387 11.
857 4314 940 4380 rau.
953 4313 1016 4377 av.
1037 4320 1114 4392 aas.
1128 4311 1203 4372 aar·
1236 4354 1241 4359 .
1305 4355 1320 4362 ,
