3390 4476
243 384 287 477 '4⁶
327 399 439 458 sm,
455 396 532 454 vrr.
549 394 611 451 or
630 388 792 453 vta-vro
812 389 909 450 avr.
926 394 951 447 a
971 392 1060 450 rvu.
1079 392 1126 449 ru
1139 350 1331 455 'ursano
1348 388 1522 466 'cv-aro:
1597 390 1605 408 “

822 570 854 675 l·
905 590 953 667 58·

324 695 475 791 Aaron,
501 693 564 793 qui
585 684 758 767 conflasse
783 690 939 766 vitulum
960 688 1113 789 dicitur,
1147 714 1228 771 non
1252 718 1325 773 vna
1344 697 1573 811 eademque

251 813 425 901 expertus
447 792 499 872 est
520 792 747 871 eruditorum
768 791 912 888 judicia.
965 790 1064 869 Cum
1084 799 1210 896 primis
1230 797 1356 876 Iudaei
1374 827 1465 883 eum
1492 838 1572 895 ex.

223 922 225 929 ·
252 900 377 982 cusare
392 918 430 974 et
446 893 642 973 defendere
659 891 809 995 adgressi
824 892 916 971 sunt.
958 892 1183 973 Obtendunt
1196 896 1426 982 sacerdotem
1446 934 1573 999 metu

250 1007 384 1101 mortis
403 1014 628 1099 correptum,
655 1012 692 1072 et
707 998 817 1094 Huri‚
842 1004 918 1096 qui,
940 1020 1028 1073 cum
1045 996 1081 1073 se
1095 1000 1235 1101 populo
1248 1002 1354 1089 Deus
1368 1014 1574 1105 vitulinos
1651 1096 1658 1109 ,

253 1102 440 1209 poscenti,
479 1095 716 1202 opposuisset,
755 1099 971 1177 interfectus
1000 1097 1073 1199 est,
1111 1103 1227 1178 Exem
1253 1106 1292 1180 lo
1326 1120 1571 1209 perterrefa-

252 1202 373 1304 ctum,
388 1209 429 1280 in
447 1199 722 1279 effervescentis
734 1202 860 1305 populi
878 1197 1029 1279 consrlia
1048 1198 1212 1280 consens
1244 1230 1265 1282 e
1281 1211 1337 1302 l).
1363 1214 1570 1321 Scriptura

250 1311 345 1386 Huri
363 1331 443 1385 non
459 1310 649 1400 meminit,
676 1311 781 1402 cujus
799 1301 946 1381 historia
962 1302 1086 1381 forsan
1108 1305 1154 1382 ad
1174 1310 1379 1408 peculiares
1395 1319 1569 1411 Iudaeo.

248 1437 333 1489 rum
346 1404 561 1487 traditiones
574 1414 742 1509 pertinet.
794 1408 908 1484 Multi
922 1433 969 1482 ex
987 1431 1100 1508 grege
1116 1408 1276 1509 Parrum,
1302 1440 1394 1496 cum
1410 1423 1568 1517 ludaeis
1652 1434 1674 1469 ⁵

249 1510 456 1602 consonant
477 1527 515 1587 et
537 1511 730 1586 Aaronem
759 1511 820 1587 vel
835 1507 1029 1606 excusant,
1057 1511 1117 1587 vel
1132 1510 1360 1619 defendunt,
1389 1524 1582 1628 quorum*
1664 1556 1668 1561 '

247 1622 430 1711 rationes,
455 1613 517 1691 vel
539 1610 736 1691 sententias
757 1617 797 1688 in
823 1613 920 1689 illius
940 1617 1189 1714 patrocinium
1214 1617 1340 1701 allatas
1370 1626 1588 1719 discutere
1670 1652 1674 1657 '

202 1740 210 1749 ·
247 1721 360 1817 hujus
381 1739 462 1793 non
483 1713 536 1791 est
559 1716 661 1813 loci,
686 1739 758 1792 nec
783 1713 948 1791 instituti.
999 1712 1178 1794 Timuisse
1200 1720 1403 1810 Aaronem
1426 1744 1562 1843 popula

246 1823 440 1915 malitiam,
466 1843 514 1894 ex
534 1818 678 1915 verbis,
700 1816 832 1917 quibus
853 1811 974 1915 Mosr,
1000 1842 1086 1894 eum
1099 1828 1278 1901 acerrime
1294 1828 1580 1945 objurgamus

245 1921 505 2026 respondebat:
552 1920 634 2023 nisti
648 1920 811 2011 Domina,
833 1947 932 2025 quam
953 1922 1058 1997 matus
1091 1935 1117 1997 at
1130 1922 1368 2033 illepopulur,
1401 1942 1552 2025 abunde

246 2024 399 2107 constat.
455 2024 587 2101 Homo
602 2022 692 2118 suit,
725 2030 788 2115 cui
801 2021 927 2099 deerat
939 2018 1056 2101 Mofis
1071 2032 1271 2129 autoritas,
1301 2040 1480 2139 poteslas,
1506 2062 1546 2124 et

245 2122 547 2226 magnanimitas,
581 2129 701 2223 gentis
721 2122 887 2207 indolem
909 2123 1026 2224 probe
1046 2124 1224 2229 noscens,
1258 2144 1372 2239 vetita
1391 2144 1538 2242 quidem

244 2234 386 2334 petenti
403 2221 579 2320 resistere,
602 2222 652 2301 ob
667 2229 763 2299 vitae
777 2228 994 2326 periculum,
1015 2252 1095 2303 non
1107 2228 1160 2307 eit
1173 2254 1340 2319 conatus
1385 2246 1531 2320 interim
1594 2302 1597 2306 -

186 2418 189 2423 ,
242 2352 326 2411 no'n
343 2335 449 2406 omni
464 2343 573 2403 vacat
594 2327 721 2427 culpa,
757 2350 846 2403 cum
867 2325 1119 2426 grauissimum
1133 2358 1326 2433 peccatum
1339 2339 1440 2442 super
1458 2366 1532 2443 po-

241 2438 372 2541 pulum
394 2424 608 2529 induxisset,
637 2452 750 2531 quare
772 2428 877 2507 Deus
898 2431 1144 2513 vehementer
1164 2445 1204 2516 in
1227 2469 1313 2521 eum
1335 2449 1446 2535 iratus
1463 2442 1540 2535 suit
1662 2528 1668 2533 ,

200 2570 205 2581 ·
242 2563 403 2641 eumque
420 2556 551 2613 revera
564 2526 790 2639 perdidisset,
820 2528 888 2611 nisr
903 2533 1030 2631 Moses
1036 2561 1118 2699 pro
1140 2563 1189 2621 eo
1204 2542 1460 2625 mterceffisset
1602 2568 1614 2587 ⁸

316 2786 443 2865 Moses
463 2783 592 2858 divino
612 2782 783 2858 incensus
804 2787 909 2880 zelo,
942 2792 1099 2865 vitulum
1123 2793 1405 2869 abominationis
1427 2790 1546 2896 obie.
1640 2798 1670 2851 ·'-·

239 2894 362 2991 uum,
395 2883 573 2965 molendo
603 2890 803 2982 contrivit,
832 2892 876 2989 in
900 2888 1094 2989 pulverem
1114 2892 1257 2993 redegit
1279 2889 1478 2997 sparsitque
1498 2909 1575 2993 in3
1590 2953 1634 2985 η.

238 3016 389 3099 aquam,
423 3014 532 3092 quam
553 3012 604 3088 po
630 2988 694 3064 ulo
717 2986 916 3091 potandam
938 2990 1046 3073 dedit.
1122 2996 1201 3095 Qui
1221 2994 1260 3073 id
1282 2994 1438 3096 fastum,
1475 3002 1562 3087 aut'
1641 3036 1649 3051 ·

239 3097 321 3177 fieri
341 3086 526 3201 potuerit?
553 3010 753 3271 disputatur
768 3098 868 3170 inter
883 3095 1048 3176 eruditos
1066 3100 1146 3202 aa),
1168 3123 1328 3201 quorum
1342 3106 1553 3200 conjectu-¹

237 3228 296 3280 ras
320 3223 447 3279 meum
473 3212 596 3272 none
634 3253 645 3292 ,
686 3193 731 3272 ad
752 3222 909 3274 examen
932 3223 1080 3279 vocare.
1132 3202 1274 3280 Volunt
1292 3201 1426 3282 Mosen
1449 3219 1547 3295 artis
1579 3280 1583 3285 .

237 3308 439 3399 chemicae‚
465 3321 575 3401 quam
594 3297 638 3375 ab
655 3297 864 3402 Aegyptiis,
888 3304 985 3405 apud
999 3327 1095 3407 quos
1108 3311 1183 3409 jam
1204 3322 1284 3384 tum
1303 3313 1344 3382 in
1360 3304 1428 3405 usu
1450 3309 1544 3418 suit,
1658 3334 1665 3341 '

238 3407 423 3504 didicerit,
449 3407 610 3503 peritum
632 3398 756 3499 fuisse,
781 3408 887 3504 cujus
906 3429 977 3509 ope
999 3434 1131 3485 aurum
1148 3416 1236 3508 igne
1254 3414 1294 3485 in
1316 3410 1457 3490 calcem
1478 3443 1547 3497 re.
1658 3440 1665 3447 ·

163 3531 168 3537 ·
238 3508 402 3607 datium,
429 3504 560 3583 deinde
580 3511 620 3581 in
644 3505 836 3608 pulverem
863 3511 924 3586 vel
951 3510 1206 3593 minutiffimas
1227 3515 1421 3618 particulas
1445 3542 1546 3603 cona
1574 3520 1613 3559 '·

232 3608 385 3708 tritum,
411 3633 525 3709 aquae
551 3605 743 3687 admistum
767 3609 840 3691 suit
854 3614 952 3713 nn),
977 3613 1039 3697 sed
1055 3634 1174 3700 artem
1196 3618 1413 3720 chemicam,
1439 3637 1546 3706 tem.

1438 3750 1545 3829 pore·

280 3847 316 3922 a)
337 3848 372 3906 In
386 3844 507 3920 Vajikra
522 3848 621 3908 Rabba
643 3848 718 3932 apud
739 3853 925 3918 Bochartum.
945 3856 1010 3917 Lib.
1024 3855 1082 3918 ‘tit
1110 3877 1177 3943 pag.
1192 3866 1257 3945 348.

268 3932 326 4006 ⁸⁸⁹3)
344 3930 564 4010 bovinator.
585 3936 633 3998 cit.
663 3958 731 4022 pag.
745 3959 796 4015 350
810 3939 853 4029 sq.
1052 3974 1055 3981 ·
1440 3996 1444 4003 -
1582 3978 1591 3999 ·

249 4017 328 4089 m)
356 4013 455 4081 Olane
480 4024 658 4089 trorriahius
684 4028 717 4089 in
746 4027 890 4119 sapientia
914 4031 1070 4093 Hermetis
1102 4031 1194 4091 Cant.
1217 4031 1363 4105 Qunr'mg.
1386 4044 1547 4113 pag-aaz,
1568 4098 1581 4111 ἦ

277 4100 423 4165 Clericus
437 4107 512 4172 Lib.
532 4116 586 4176 cit.
615 4136 684 4199 pag.
709 4132 766 4192 183.
835 4118 979 4187 Buddeus
994 4118 1030 4191 'tn
1046 4116 1127 4178 ltili.
1146 4114 1246 4175 *iss-
1266 4114 1345 4171 ier.
1359 4113 1408 4169 xi.
1437 4116 1569 4200 besni,

282 4206 430 4342 fllssil49o.
452 4194 527 4281 lege
543 4204 644 4359 cpiam
658 4209 679 4273 fi
695 4207 825 4301 placet,
845 4202 1036 4278 Dickinsorir
1053 4200 1166 4283 pbrire,
1176 4208 1241 4264 ret.
1253 4206 1413 4303 terrram.
1430 4194 1593 4274 napum.
1627 4220 1630 4225 ·

265 4313 275 4333 ·
343 4320 354 4342 ·
383 4302 463 4368 Pis·
478 4306 540 4364 31⁰
574 4314 606 4384 q·
638 4319 642 4325 ·
