3390 4476
187 300 235 429 5³¹
274 312 408 407 'seem
440 342 505 399 rx.
568 336 813 424 nursino
848 324 1159 407 runbecca-n
1194 342 1439 410 arn-acan.

190 528 278 605 loco
297 515 586 617 abscondissent,
611 544 662 598 ne
676 523 717 597 in
733 531 1035 622 expugnatorum
1050 544 1183 600 manus
1197 515 1403 606 incideret?
1431 522 1515 607 Ra·

190 638 245 709 tio
271 626 404 726 status,
441 622 626 726 angustiae
651 639 863 726 temporum
884 638 923 700 et
943 624 1172 702 exulceratae
1195 633 1318 726 gentis
1340 634 1518 715 circum-

192 732 365 830 stantiae,
400 716 617 832 exigebant,
653 723 832 828 pretiosa,
862 750 958 828 quae
980 732 1022 805 in
1043 725 1249 807 sanctuario
1271 747 1377 810 erant
1405 731 1520 836 sym.

191 838 299 932 bola,
325 859 402 943 quo
416 826 656 1009 fieriFoterat
673 828 810 927 modu,
835 825 1017 933 surripere
1030 848 1068 909 et
1083 836 1124 907 ln
1137 846 1219 911 tuto
1242 833 1392 932 lo'care,
1419 863 1521 938 qua.
1582 869 1584 873 ·

192 955 348 1040 propter
381 936 435 1012 nil
461 940 529 1011 nir
556 958 713 1013 vacuam
737 931 861 1010 sedem
889 947 927 1009 et
948 939 1073 1012 inania
1098 957 1230 1012 arcana
1251 935 1517 1025 offenderunt.

155 1036 294 1143 'Quis
314 1038 401 1116 inde
421 1038 546 1139 colligi
567 1033 669 1139 posse
690 1051 815 1140 putet,
840 1059 1034 1136 nunquam
1055 1031 1145 1114 afini
1168 1055 1281 1141 caput
1299 1047 1519 1139 inintimo

193 1143 324 1246 templi
347 1136 487 1221 recessu
510 1136 672 1219 latuisse?
710 1137 905 1235 Profecto,
937 1136 1019 1219 satis
1049 1140 1115 1218 diu
1138 1146 1180 1219 in
1209 1154 1271 1220 eo'
1289 1143 1519 1233 conservari
1684 1138 1691 1151 ⁸

193 1252 335 1349 potuit,
377 1260 575 1346 antequam
602 1244 782 1345 templum
809 1239 1048 1347 profanatum
1074 1241 1166 1347 fuit,
1199 1269 1281 1351 ,nec
1309 1256 1409 1333 tatio
1439 1256 1520 1340 vlla

194 1349 368 1457 suppetit,
392 1371 472 1430 cur·
485 1347 524 1428 id
543 1354 585 1428 in
605 1346 761 1459 dubium
775 1361 945 1426 vocetur.
1526 1398 1534 1405 -

614 1540 907 1661 SECTIO
975 1542 1073 1655 ix.-

825 1773 891 1826 DE

216 1938 219 1946 .
371 1882 558 1966 nstro
609 1870 1352 2007 mnrnorvn'srunoro..
1600 1944 1680 1956 .-

269 2186 473 2267 Praesentis
493 2192 636 2288 negotii
655 2188 769 2267 cardo
792 2189 957 2268 versatur
979 2197 1019 2270 in
1046 2218 1115 2291 eo,
1152 2213 1196 2276 vt
1217 2197 1370 2278 idoneis·
1388 2214 1495 2292 argu·
1641 2282 1645 2289 ,

195 2299 333 2374 mentis
365 2298 610 2391 evincamus,
648 2287 788 2370 asinum
819 2294 1043 2371 Iudaeorum
1070 2294 1141 2375 esse
1164 2296 1496 2401 hierogly'plricum,

194 2391 1538 2601 alumni

186 2607 386 2704 exhiberi,
411 2600 522 2683 docet
540 2601 798 2683 testamentum
814 2606 940 2689 lacobi
962 2563 1099 2688 Ge’nes
1115 2639 1170 2710 49.
1192 2612 1258 2689 vbi
1278 2634 1315 2684 v.
1340 2630 1386 2694 ¹4·
1418 2596 1503 2676 Issa·
1619 2582 1651 2643 ’-

193 2714 285 2788 'char
307 2705 428 2784 asmue
450 2723 610 2799 vocatur
628 2706 821 2802 robustus,
843 2711 987 2797 arabice
1009 2715 1161 2805 athana,
1184 2708 1286 2807 quod
1304 2713 1345 2777 in
1384 2723 1503 2800 topo-

183 2792 264 2911 'srto
287 2805 500 2889 constanter
511 2800 751 2909 perseverare
772 2800 982 2910 significae·
1012 2807 1120 2893 Haeo
1139 2809 1215 2909 sua,
1240 2829 1334 2910 quae
1348 2808 1506 2907 [etm-
1539 2824 1543 2843 ·

194 2919 264 2997 bus
284 2910 452 3018 symbola
477 2914 650 3007 retinuit,
683 2906 806 2987 donec
826 2926 969 2989 mutato
989 2911 1115 3015 p'ostea
1141 2911 1255 3012 statu,
1280 2902 1401 2985 asinus
1421 2930 1507 2985 non

193 3029 328 3119 unius,
354 3015 415 3095 sed
430 3019 546 3093 totius
562 3010 643 3089 sere
660 3019 796 3114 gentis,
819 3020 1017 3119 praecipue
1034 3036 1242 3120 atempore
1255 3008 1386 3112 Molis,
1411 3010 1507 3088 Hie·

195 3152 240 3205 ro
265 3124 457 3229 lyphicum
478 3116 638 3214 laetum,
660 3140 776 3218 aquo
795 3116 1055 3219 gensjudaica
1071 3128 1113 3202 in
1128 3120 1307 3225 scriptura
1322 3114 1422 3196 sacra
1434 3139 1506 3218 po·
1541 3139 1544 3143 ·
1569 3182 1573 3191 .
1612 3130 1632 3193 ἢ

195 3238 220 3308 t‘
251 3254 369 3309 rmum
401 3222 470 3301 sub
496 3217 587 3300 asini
618 3216 792 3322 symbolo
819 3216 1015 3322 effingitur.
1090 3225 1176 3304 Saul
1191 3219 1405 3327 ¹quaesitum
1434 3225 1507 3298 ivit

194 3329 334 3412 amissas
349 3334 462 3434 patris
479 3325 534 3405 sui
549 3320 675 3405 afinas.
702 3355 716 3401 1
736 3326 891 3403 Samuel.
916 3327 981 3429 lx,
1006 3328 1069 3407 vel
1088 3348 1227 3433 quae'a
1242 3344 1346 3432 patre
1366 3323 1505 3417 llisone
1614 3350 1620 3357 ·

195 3436 426 3530 defecerant,
462 3447 501 3509 et
522 3452 679 3534 quarum
701 3429 944 3531 Dominium,
975 3429 1118 3538 auspice
1139 3433 1309 3511 Samuele
1333 3430 1508 3513 obtinuit
1608 3488 1615 3501 .-
1660 3448 1692 3513 jx

196 3539 380 3620 Civitates
417 3531 825 3632 lurimasludaeorum‚
857 3534 1045 3629 etlamsub
1063 3534 1152 3616 asini
1168 3545 1333 3642 imagine
1349 3532 1507 3621 describi
1542 3582 1545 3605 2

196 3637 352 3735 affirmat
409 3645 572 3720 anticum
594 3636 780 3716 Deborae.
813 3639 888 3719 Iud.
908 3641 955 3734 V,
982 3636 1031 3720 10'.
1071 3641 1137 3721 vbi
1161 3637 1436 3745 potentissimos
1463 3644 1506 3719 in

194 3742 324 3825 lsraele
347 3749 398 3820 ita
418 3743 625 3868 alloquitur.
674 3739 731 3822 0!
744 3749 818 3846 ..qui
840 3739 957 3826 asinas
976 3747 1074 3826 albas
1103 3755 1275 3852 equitatis
1298 3758 1336 3824 et
1355 3744 1506 3847 judiciis
1619 3816 1644 3857 ,Ι

173 3841 1514 4065 fermentabimurlaetaturum

155 4053 409 4159 quadraginta
433 4055 543 4143 ilios
571 4078 615 4144 et
635 4070 799 4175 triginta
822 4081 991 4174 nepotes
1008 4056 1203 4159 babebat,
1236 4053 1406 4135 tenuem
1421 4047 1537 4128 bama

155 4149 374 4271 elidentes,
407 4185 514 4278 quot
526 4168 650 4263 urbes
669 4172 968 4291 gubernabant
989 4165 1081 4303 lul·
1096 4162 1194 4275 ‚lma
1215 4184 1276 4250 aa,

1343 4294 1349 4309 ³
1474 4312 1500 4356 K
1537 4312 1598 4356 ‘m⁴
