3390 4476
371 426 405 471 1-
511 398 847 473 -rururrrvra
888 400 1129 483 onorii·
1181 423 1188 431 ·
1252 424 1277 465 ·-
1462 410 1526 492 θὸ-

191 580 452 686 relinquebant
479 575 516 662 et
544 606 677 679 eorum
706 576 896 660 fimulacra
923 575 1137 685 fingebant,
1161 593 1205 658 vt
1218 599 1274 656 'ex
1293 581 1498 680 imaginum

166 680 511 793 ‘contemplatione
541 687 788 790 voluptatem
806 701 1002 789 caperent,
1041 710 1087 763 ex
1119 708 1196 787 quo
1228 685 1395 764 honores
1424 686 1500 783 illis¹

193 792 329 872 habere
357 812 530 896 tanquam
553 793 653 891 Diis,
676 806 877 895 ceperunt,
903 796 1050 870 virtutis
1073 787 1286 892 praesertim
1308 787 1496 869 acuendae

86 971 89 976 .
195 895 298 976 causa
321 900 370 994 i).
403 899 445 975 ln
468 896 620 974 historia
636 896 774 973 horum
784 895 1015 992 Nominum,
1039 894 1207 972 animalia
1225 919 1307 971 non
1323 891 1497 993 infimum

195 1001 422 1104 occupabant
448 1001 590 1097 locum,
616 1005 654 1074 in
686 1024 799 1098 quae,
828 1013 871 1073 vt
891 994 963 1074 fata
993 997 1188 1096 tulerunt,
1214 1013 1320 1074 erant
1345 1013 1499 1076 mutata.

191 1105 359 1183 Maxima
386 1129 479 1206 quae
504 1102 771 1180 reverebantur
801 1099 985 1197 Numina,
1016 1100 1071 1176 nil
1098 1094 1168 1176 nisi
1195 1106 1363 1197 gentium
1390 1116 1496 1180 erant

58 1234 62 1241 ·
191 1208 509 1311 Hieroglyphica,
537 1221 574 1280 et
601 1203 787 1298 animalia,
815 1227 974 1302 quorum
996 1198 1373 1304 figurasinduerant,
1395 1203 1495 1307 sym·

24 1340 27 1347 ’
192 1312 295 1410 bola,
329 1332 489 1410 quorum
505 1314 661 1392 varietas
675 1311 716 1381 in
732 1303 941 1381 discrimine
957 1309 1110 1401 originis
1128 1322 1165 1380 et
1181 1307 1375 1403 locorum,
1402 1332 1496 1409 quae
1619 1308 1624 1321 ‘

41 1474 46 1480 -
113 1410 130 1506 J
189 1414 421 1507 incolebant,
463 1426 540 1485 erat
560 1405 643 1504 fita,
681 1407 879 1508 inquibus
905 1405 1124 1485 illustrandis
1151 1408 1497 1518 alibi'multusful,

190 1540 288 1619 quae
305 1510 334 1593 si
353 1516 417 1593 hic
438 1529 608 1616 repetere
630 1509 788 1608 vellem,
813 1508 938 1589 alium
961 1532 1122 1611 agerem.
1329 1570 1331 1575 a

557 1748 561 1756 .
767 1671 800 1767 i·
862 1693 911 1758 17·
998 1712 1029 1748 ν
1108 1678 1147 1785 ,’

267 1802 324 1880 Ex
341 1783 698 1904 istaAcgyptlorum
714 1797 1004 1899 consuetudine,
1031 1797 1142 1880 vrbes
1164 1820 1203 1881 et
1222 1800 1401 1907 populos,
1426 1798 1494 1880 sub
1540 1826 1554 1852 s

185 1905 401 1989 ‚inimatum
425 1905 626 1986 corticibus
646 1903 868 2005 exhibendi,
901 1929 994 2006 quae
1011 1903 1138 2007 postea
1154 1911 1252 2011 inter
1264 1931 1397 1986 omnes
1413 1906 1494 1983 bar·
1582 1972 1588 1983 .

188 2013 299 2097 baros
315 2013 497 2111 obtinuit,
518 2027 555 2091 et
567 2018 611 2090 in'
628 2007 871 2112 antiquiffima
881 2018 1078 2090 nationum
1097 2018 1156 2113 nri
1186 2020 1248 2089 ine
1262 2009 1367 2089 suum
1382 2012 1493 2113 babet

59 2201 62 2207 .
187 2113 492 2216 fundamentum,
526 2114 726 2217 dijudicare
750 2111 857 2222 licet,
886 2116 1053 2194 animalia
1074 2035 1226 2220 phybce
1250 2110 1493 2215 considerata,

57 2246 67 2259 ⁴
187 2219 252 2296 hic
268 2223 476 2301 nullatenus
492 2228 532 2300 in
550 2219 700 2300 censum
715 2224 853 2301 venire.
899 2222 1003 2324 *Quis
1017 2219 1122 2300 sanae
1137 2226 1271 2299 mentis
1284 2217 1349 2298 fibi
1363 2226 1494 2322 imagi·

183 2329 266 2399 nari
287 2335 384 2426 potis
407 2323 479 2426 est,
504 2328 717 2507 Aegyptios
732 2320 953 2427 credidisse,
970 2319 1100 2404 lsrdem
1118 2332 1160 2403 in
1175 2332 1347 2424 vaccam,
1376 2322 1494 2404 Osiri·

124 2462 128 2470 ·
186 2422 274 2517 dem
293 2434 333 2504 in
352 2430 500 2531 lupum,
527 2430 619 2505 Anu
644 2431 743 2511 idem
761 2437 802 2507 in
823 2455 975 2527 canem,
999 2430 1235 2532 Typhonem
1251 2437 1293 2506 in
1306 2431 1493 2532 hippopo-

122 2549 135 2554 ·
184 2541 347 2626 tamum,
380 2528 451 2607 elle
473 2527 782 2613 transformatos?
817 2527 1491 2637 Haecanimalia·bubas1n,lycopo·

139 2656 143 2662 ·
183 2629 258 2727 lin,
297 2633 506 2731 cynopolin
540 2647 578 2707 et
608 2641 830 2738 papremitas
859 2631 1131 2736 significabant,
1173 2661 1268 2736 quae
1307 2635 1419 2716 vrbes
1451 2652 1490 2715 et

184 2733 336 2825 populi,
367 2731 433 2804 ista
453 2733 617 2828 Numina
638 2755 862 2839 exceperant
883 2754 922 2815 et
941 2745 982 2814 in
1003 2732 1084 2814 sinu
1102 2735 1168 2816 suo
1190 2734 1236 2815 ad
1262 2758 1409 2842 tempus
1429 2737 1489 2817 fo-

186 2838 328 2898 verant.
405 2824 492 2918 Qra
516 2831 566 2900 dc
587 2835 711 2925 causa,
746 2844 788 2907 in
806 2836 959 2907 historia
978 2836 1117 2905 horum
1144 2839 1315 2914 Deorum
1337 2844 1490 2917 alteram

176 2917 326 3001 iaciunt
354 2929 527 3023 paginam
557 2939 594 2999 et
621 2932 663 3001 in
693 2951 826 3005 eorum
852 2927 955 3007 festis
979 2927 1116 3028 vbique
1137 2937 1179 3008 in
1204 2931 1489 3039 beneficiorum,
1557 2947 1559 2952 ’

186 3052 280 3131 quae
299 3033 341 3104 in
368 3050 410 3103 ca
436 3026 688 3128 collocarunt,
709 3038 936 3111 ¹memoriam
954 3029 1098 3136 praesto
1120 3030 1215 3112 sunt.

751 3188 801 3285 i·
853 3206 904 3276 18·

259 3314 455 3411 Solennia,
488 3318 528 3390 in
547 3315 847 3397 recordationem
865 3319 1126 3420 conditorum,
1151 3318 1214 3400 seu
1230 3339 1275 3402 vt
1288 3316 1487 3426 cognomi

151 3439 154 3443 ’
181 3434 331 3516 nantur,
353 3419 524 3494 Deorum
544 3420 606 3518 aa)
632 3419 792 3521 decreta,
818 3421 952 3500 statuto
975 3440 1156 3527 tempore,
1176 3449 1245 3533 pro
1265 3425 1398 3504 saeculi
1420 3456 1486 3535 ge.

81 3535 84 3539 ’
181 3535 261 3625 nio,
288 3519 366 3599 fine
384 3522 476 3597 luxu
493 3521 727 3603 celebrabant
752 3540 791 3601 et
810 3527 963 3627 hymnis
981 3527 1065 3605 rudi
1078 3528 1252 3608 Minerva
1269 3531 1484 3636 elaboratis,
1585 3541 1593 3546 “

206 3647 320 3708 ratam
337 3648 425 3726 erga
440 3630 625 3724 majorum
639 3635 783 3727 merita,
804 3645 969 3707 mentem
986 3632 1249 3734 exprimebant.
1286 3635 1487 3717 Simulacra

20 3816 27 3830 ‚
96 3736 105 3747 “’
178 3655 350 3814 beorum
376 3747 414 3805 et
436 3724 604 3829 symbola
627 3729 833 3812 non-,secus
856 3753 962 3812 erant
985 3744 1214 3841 comparata,
1244 3733 1323 3816 stne
1347 3758 1426 3820 arte
1445 3758 1484 3823 et

179 3854 314 3919 ornatu
331 3835 408 3930 em)
416 3891 432 3932 ,
444 3856 604 3935 quorum
618 3831 787 3940 adspectu
803 3843 845 3916 ln
860 3840 1085 3920 memoriam
1098 3838 1344 3921 recusabant
1354 3849 1518 3929 omma,

1250 3974 1273 3981 --
1433 3954 1546 4028 cpias.

189 4110 240 4236 a?
258 4093 573 4218 Polydorr'rerglliul
598 4115 637 4183 de
651 4140 758 4207 rerum
778 4096 1027 4215 interturbans.
1038 4121 1166 4189 liu-i.
1181 4112 1328 4221 Cap&-
1347 4109 1504 4189 brunvs-

152 4232 161 4271 :
225 4197 677 4277 )Drod0r.Hntor.le.1.
708 4237 786 4303 Μ
800 4236 847 4281 12,
891 4248 895 4253 .
987 4224 1013 4247 ·.
1060 4260 1071 4273 ‚.

175 4277 257 4364 ml)
275 4285 434 4355 Maniam
457 4294 538 4361 Can.
564 4299 725 4372 chronic.
748 4303 942 4375 secabili(
961 4314 1120 4395 rib-51·
1194 4344 1197 4348 ·
