3390 4476
80 440 88 447 -
289 370 579 487 'anci-unua«
622 382 1314 501 eonnvnnnssairuriur'iaii.
1401 354 1465 474 η’

147 580 326 670 innititur
341 588 521 690 Spinozae
542 589 708 688 impietas
731 577 919 661 atheistlca
934 583 987 677 ἢ.
1011 578 1072 659 Ne
1086 587 1196 685 etiam
1212 576 1300 684 quid
1317 572 1464 679 deesset,

6 708 21 742 “·
89 695 90 698 '
146 708 234 798 'quo
256 691 361 771 suam
384 690 430 769 de
451 686 539 767 Deo
565 694 786 792 opinionem
808 682 1035 765 Pantheistae
1058 686 1280 789 probarent,
1309 708 1464 762 omnem

125 881 133 892 „
157 801 437 901 Aegyptiorum
465 811 505 872 et
533 816 758 894 graecorum
794 792 1075 893 Mythologiam
1106 788 1178 870 suis
1210 784 1465 889 Philosophiae

127 980 132 991 ἡ
157 908 345 1006 principiis
364 897 655 1004 attemperabant
671 900 744 997 ⁴⁶⁶).
797 895 868 975 Sed
882 891 910 971 si
925 921 972 972 ex
990 897 1047 973 his
1063 890 1372 999 Philosophorum
1389 894 1466 995 pla·

159 1012 256 1106 citis,
282 1006 492 1082 animalium
516 1003 638 1078 cultus
662 1007 704 1076 in
722 1001 904 1103 Aegypto
927 1016 1053 1076 ortum
1079 996 1262 1097 sumserit,
1294 996 1465 1102 sequere·

6 1102 19 1113 “
109 1146 112 1150 ·
157 1125 242 1208 tur,
267 1110 484 1186 Stoicorum
520 1103 567 1179 de
593 1104 678 1183 Deo
719 1108 960 1205 opinionem,
992 1104 1094 1203 prius
1116 1109 1215 1199 inter
1238 1105 1466 1206 Aegyptios,

156 1239 266 1314 quam
287 1211 484 1288 bestiarum
510 1206 673 1302 cultum,
703 1202 914 1302 invaluiiie,
941 1203 1178 1306 quod'nenro
1197 1204 1302 1282 facile
1320 1206 1464 1287 dixerit.

156 1315 308 1397 Deinde
335 1320 375 1388 iii
399 1335 477 1388 vno
494 1310 641 1386 animali
655 1302 911 1405 trucidassent,
938 1307 1041 1408 quod
1058 1314 1098 1384 in
1113 1309 1229 1388 altero
1248 1310 1466 1416 adorassent,

160 1416 263 1522 quod
278 1432 353 1493 tarn
368 1409 587 1510 absurdum,
615 1436 725 1513 quam
744 1409 846 1514 quod
862 1407 1160 1494 absurdissimum.

239 1702 385 1797 Aliam,
417 1676 552 1800 quibus
571 1696 665 1773 haec
689 1721 770 1817 non
795 1695 977 1795 arrident,
1005 1699 1148 1798 cultui,
1176 1697 1222 1776 de
1246 1724 1322 1802 quo
1347 1703 1468 1805 loqui-

160 1831 265 1905 mur,
292 1801 458 1902 causam,
484 1808 524 1878 in
542 1798 844 1903 perepdarxarraa
865 1801 1053 1903 dosiiina,
1073 1805 1137 1883 seu
1165 1809 1375 1885 animorum
1398 1815 1469 1886 mi-

81 1922 84 1927 ‘
161 1919 332 2012 gratione
367 1915 407 1986 in
446 1906 573 2005 bruta,
606 1901 780 2004 detegiffe
806 1905 1049 1987 arbitrantur.
1099 1906 1257 1989 Constat
1288 1916 1388 1988 enim
1420 1938 1469 1992 ex

161 2012 319 2113 hierogl.
342 2015 621 2116 Aegyptiorum
645 2010 928 2112 traditionibus,
969 2012 1072 2193 pund
1090 2014 1262 2099 Deorum
1289 2023 1401 2093 animi
1427 2023 1470 2099 in

162 2120 374 2195 animalium
400 2140 561 2220 corpora
585 2110 794 2193 transierint
814 2119 889 2217 ⁴³³⁶)
910 2133 949 2196 et
986 2142 1021 2196 ic
1045 2119 1214 2197 animalia
1234 2135 1278 2198 vt
1299 2116 1478 2200 Deorum.

20 2252 36 2299 ς
162 2219 365 2313 diversoria
386 2246 594 2323 eorumque
611 2217 822 2300 divinarum
844 2229 1113 2325 proprietatum
1134 2225 1382 2326 receptacula,
1404 2250 1470 2304 co-

72 2376 74 2380 =
159 2327 322 2405 luerunt
360 2323 538 2428 Aliquae
554 2324 600 2401 de
617 2331 828 2402 animorum
846 2333 1069 2425 migratione
1084 2335 1125 2404 in
1142 2324 1247 2404 bruta
1262 2329 1459 2408 traduntur

162 2453 245 2507 non
260 2426 365 2507 sensu
382 2431 651 2530 pythagoricO,
684 2425 745 2505 sed
760 2427 806 2504 de
820 2427 973 2530 mystica
989 2431 1160 2506 Deorum
1180 2382 1471 2530 metamorphos

162 2528 248 2606 sunt
262 2530 510 2628 intelligenda
562 2526 624 2608 lsis
640 2534 684 2617 in¹
694 2554 861 2625 vaccam,
884 2527 1002 2607 Osiris
1025 2538 1065 2606 in
1086 2531 1239 2627 bovem,
1264 2530 1413 2611 Anubis
1428 2539 1470 2611 in

165 2654 298 2708 canem
323 2638 473 2728 mutati,
517 2653 610 2729 quae
634 2639 790 2707 mutatio
812 2632 867 2708 nil
884 2629 951 2707 nisi
973 2633 1110 2709 horum
1132 2634 1340 2710 Nominum
1365 2660 1470 2713 com-

166 2740 439 2825 morationem,
458 2729 538 2815 ,sub
573 2728 648 2808 istis
668 2731 864 2828 gentibus,
900 2758 1062 2832 quorum
1093 2733 1263 2834 symbola
1284 2737 1471 2841 praedista

170 2841 276 2905 erant
306 2832 490 2922 animalia,
523 2827 715 2921 significat,
764 2831 804 2901 ld
834 2831 1027 2905 nonsatis
1059 2835 1255 2910 advertere
1282 2840 1470 2940 videntur,

44 2942 53 2957 “
169 2934 298 3029 quiex
318 2929 388 3004 hac
410 2921 717 3026 metamorphosi,
743 2951 836 3029 quae
856 2926 1073 3007 historicum
1092 2933 1203 3010 habet
1218 2934 1382 3038 sensum,
1410 2952 1473 3044 qni

103 3076 107 3083 ·
168 3026 329 3117 successu
344 3037 536 3133 temporis,
561 3056 584 3106 a
603 3025 853 3113 sacerdotibus
874 3047 911 3108 et
928 3054 1151 3131 graecorum
1168 3037 1397 3146 PhilosophIs
1420 3046 1474 3128 est

170 3135 411 3236 depravatus,
437 3132 580 3221 eausam
599 3129 794 3210 bestiarum
802 3134 929 3212 cultus
949 3135 1136 3239 pullulasse
1155 3140 1333 3246 censent,
1366 3167 1405 3228 et
1425 3152 1489 3233 ex‘

169 3237 361 3316 erroribus
375 3229 649 3331 animorum,=si
667 3232 818 3343 physice
836 3244 947 3325 etiem
962 3239 1138 3346 sumatur,
1164 3244 1209 3325 ad
1225 3247 1337 3354 ipsam
1353 3259 1476 3343 cultus

104 3366 111 3377 “
169 3349 356 3445 originem
375 3340 618 3421 concludunt:
758 3406 761 3411 ,
1116 3366 1118 3371 .

765 3499 797 3598 r·
849 3471 883 3596 i·

149 3650 152 3655 '
249 3630 466 3715 Convolant
480 3630 540 3708 alii
555 3629 600 3710 ad
614 3626 723 3709 Astra
737 3647 774 3710 et
789 3636 973 3748 rationeS,
1007 3661 1097 3741 quas
1113 3639 1221 3723 humi
1233 3657 1400 3758 reperire
1411 3684 1478 3737 ne·

169 3756 327 3847 queunt,
350 3743 393 3815 in
406 3735 570 3853 Zodiaco
588 3754 780 3819 venantur.
812 3738 1028 3845 Sequuntur
1040 3751 1081 3824 in
1093 3747 1153 3829 liis
1165 3751 1396 3859 Lucanum,
1415 3784 1499 3927 epu<

578 3876 582 3881 ’
1386 3882 1442 3931 'RQ
1453 3881 1483 3925 ἓ.

207 4020 243 4094 Ι)
266 4015 339 4107 Vide
357 3993 469 4085 animi
492 4017 612 4091 Dissert.
630 4019 671 4090 de
694 3976 885 4116 spinozisnio
903 3978 978 4095 aute
996 4031 1188 4116 Spinonem.

27 4203 31 4209 ,
198 4112 255 4193 w)
277 4118 386 4215 Cicero
410 4117 449 4183 de
468 4135 572 4188 natur.
595 4128 694 4192 Deor.
723 4128 800 4192 Lib.
817 4128 864 4193 ii.
883 4126 1140 4217 Capitium.
1157 4114 1315 4201 wibb-
1464 4164 1470 4173 .

156 4204 422 4379 *mppr
446 4222 531 4291 iiiii.
552 4227 671 4302 aanor.
690 4230 767 4297 inu
784 4229 818 4296 i.
848 4224 930 4323 pag:
952 4243 1021 4329 32,
1064 4211 1258 4287 innuen.
1280 4201 1325 4261 aa
1347 4185 1498 4343 unffi

1009 4399 1052 4456 s*
