3390 4476
271 460 276 467 -
403 383 1203 489 rurnrtsuorrrrosrrtonum.
1370 425 1464 501 «15

122 806 126 813 ,
235 718 458 810 Jambllchus
474 606 772 823 Aegyptiorunl,
794 723 834 796 in
850 742 891 794 re
909 715 1165 814 Theologica‚
1188 736 1333 792 morem
1351 709 1465 792 nobis

25 846 27 851 ’
78 860 91 877 ¹
155 826 360 930 explicans,
388 821 437 903 fic
463 831 723 910 ratiocinatur:
763 821 943 925 Aegyptii
971 816 1082 922 ipsam
1108 811 1270 896 vniversa
1292 823 1462 894 naturam

71 1023 74 1027 .
156 930 399 1028 Deorumque
436 933 699 1028 operationem,
725 931 929 1025 imitantes,
977 920 1216 1024 mysticarum
1245 946 1395 1023 quoque
1420 936 1461 998 et

12 1062 20 1069 ·
47 1064 53 1072 ⁸
152 1030 451 1129 absconditarum„
467 1033 868 1128 notionumpimagines
884 1025 1080 1127 quasdam,
1105 1033 1144 1100 in
1164 1023 1342 1127 symbolis
1364 1049 1458 1101 con·

6 1162 9 1173 ·
40 1160 43 1165 ·
149 1133 341 1232 heiendis,
370 1130 592 1221 ostendunt3
624 1131 936 1232 quemadmodum
959 1126 1089 1232 etipsa
1109 1144 1259 1225 natura,
1292 1132 1459 1205 rationes

151 1241 317 1315 occultas
334 1245 374 1311 in
396 1233 528 1310 sonnis
550 1232 828 1335 apparentibus,
856 1228 955 1333 quast
978 1230 1175 1333 symbolis,
1200 1236 1394 1334 exprimit3
1418 1246 1459 1308 et

101 1369 105 1379 ·
141 1330 224 1442 'ipsa
244 1343 418 1416 Deorum
440 1342 626 1436 operatio,
652 1336 817 1412 idearum
841 1343 1033 1414 veritatem
1057 1333 1270 1411 delineatio
1287 1337 1458 1431 imagini-

148 1443 219 1520 bus
244 1437 452 1538 conspicuis
468 1455 538 1513 etc.
555 1439 594 1538 ³⁶)
618 1480 621 1485 -
645 1439 688 1514 ln
710 1437 915 1516 Crocodilo
941 1435 1217 1538 sexagenarium
1243 1460 1456 1534 numerum,

149 1541 219 1619 soli
255 1543 566 1642 convenientem,
609 1539 828 1638 admittunt,
877 1543 939 1617 vel
975 1546 1039 1638 qui
1074 1547 1240 1615 rationes
1271 1534 1456 1640 physicas,

93 1712 97 1721 .
149 1661 238 1822 puta
261 1641 472 1739 animalium
493 1649 593 1721 vires
611 1658 649 1719 et
662 1649 918 1744 operationes,
945 1643 1019 1719 huc
1037 1643 1188 1718 trahunt
1218 1638 1456 1743 (Aegyptii)

166 1771 201 1822 ro
229 1758 419 1841 canemet
443 1746 742 1848 cynocephalum
768 1762 806 1838 et
827 1744 1051 1836 mustellam,
1094 1745 1203 1822 lunae
1232 1769 1457 1847 communes

1 1854 29 1911 1.-
145 1849 309 1928 saciunt:
335 1854 424 1925 item
448 1855 510 1946 qui
535 1851 742 1952 materiales
753 1848 938 1952 'quasdam
960 1847 1111 1952 species,
1136 1864 1177 1926 vt
1198 1846 1289 1946 solet
1312 1855 1353 1922 in
1376 1855 1454 1929 ani·

123 1951 300 2032 ‘malibus
321 1951 430 2031 sacris
446 1950 541 2052 h'eri,
568 1955 629 2035 vel
642 1954 789 2056 aliquid,
818 1955 917 2057 quod
931 1963 972 2030 in
988 1949 1120 2033 eorum
1143 1952 1365 2055 corporibus
1380 1978 1454 2030 no-

147 2072 247 2134 tetur
264 2059 323 2154 st)
342 2081 435 2158 quae
449 2076 492 2135 vt
506 2059 624 2158 palam
647 2057 718 2159 est,
743 2085 824 2153 non
845 2059 890 2138 ad
905 2058 1183 2160 Aegyptiorum
1198 2057 1452 2160 Theologiam

143 2157 350 2261 mysticam,
367 2159 435 2238 sed
445 2169 570 2265 potius
585 2162 630 2248 ad
645 2164 922 2242 Platonicorum
939 2169 1192 2267 recentiorum
1205 2158 1368 2238 scholam
1390 2185 1452 2238 re·

141 2261 296 2343 ferenda
320 2263 423 2366 sunt,
463 2289 536 2344 nec
557 2270 770 2348 animalium
791 2270 933 2348 cultum
955 2293 976 2346 a
1002 2262 1235 2370 despicientia
1260 2263 1468 2344 vindicare-

141 2363 302 2470 possunt

220 2587 407 2667 Arcanam
432 2591 532 2673 hanc
547 2591 843 2693 Aegyptiorum,
871 2617 980 2692 quam
1001 2587 1250 2669 sacerdotibus
1273 2586 1363 2668 falso
1387 2588 1452 2667 ad·

6 2750 13 2759 .
141 2689 325 2783 scribunt,
352 2693 572 2789 dotlrinam,
601 2719 672 2796 pro
688 2694 966 2771 Platonicorum
984 2700 1089 2768 vario
1112 2696 1282 2790 ingenio,
1307 2699 1449 2770 variam

146 2811 296 2886 quoque
314 2786 437 2881 fuisse,
470 2793 613 2864 abunde
635 2816 730 2886 quae
753 2794 908 2884 restant,
950 2794 1061 2864 nobis
1088 2789 1306 2884 significant.
1356 2795 1448 2870 Por·

143 2891 303 2988 phyrius
319 2904 357 2962 et
372 2886 600 2984 Plutarchus,
625 2888 735 2964 ambo
745 2889 1023 2965 Platonicorum
1033 2887 1285 2991 Philosophiae
1300 2891 1460 2994 addidi,

118 2991 185 3066 “ln
207 2988 373 3066 diversas·
387 2988 522 3066 abeunt
544 3004 664 3090 partes
687 3005 723 3065 et
750 2987 1027 3094 opiniones,'s1
1049 2990 1326 3093 Aegyptiorum
1348 2993 1448 3076 sacra

135 3091 341 3192 *cultusque
357 3092 568 3169 animalium
588 3090 711 3172 causas
725 3092 899 3194 mysticas
911 3112 1106 3195 exponunt
1119 3098 1219 3198 susp
1236 3097 1450 3198 Sequuntur

67 3271 69 3275 ,
143 3218 279 3274 eorum
311 3191 463 3294 vestigia
482 3196 607 3291 multi,
639 3202 701 3297 qui
715 3193 874 3296 spinosis
894 3197 1171 3276 Platonicorum
1191 3196 1468 3289 subtilitatibus

53 3332 56 3339 ·
141 3294 227 3375 sunt
248 3295 399 3376 inescati
414 3315 451 3374 et
472 3323 548 3398 quo
563 3293 711 3401 possunt
732 3306 873 3398 ingenii
886 3300 1145 3404 condimento,
1167 3303 1448 3410 Aegyptiorum

139 3398 436 3501 superstitionem
453 3398 589 3500 linunt,
614 3408 745 3504 inquo
760 3411 916 3506 negotio
933 3405 1189 3492 Cudworthus
1209 3413 1300 3493 nulli
1317 3412 1369 3495 eti
1390 3417 1447 3501 se.

141 3503 298 3615 cundus.
352 3502 499 3601 Omnes
521 3513 623 3583 enirn
652 3506 811 3585 intendit
838 3535 1001 3613 nervos,
1030 3531 1073 3591 vt
1096 3516 1447 3626 eergyptio'rum

141 3608 447 3719 Hieroglyphicis
469 3609 764 3713 animaliumque,
780 3610 973 3716 symbolis,
1000 3614 1128 3699 sanum
1146 3647 1274 3703 rerum
1300 3630 1448 3713 divina-

138 3738 223 3790 rum
242 3709 386 3788 sensum
409 3728 514 3789 eruat
533 3713 758 3819 nodlemque
782 3738 820 3795 et
840 3718 937 3819 diem
954 3729 1053 3801 inter
1073 3724 1110 3804 se
1127 3732 1316 3814 conciliet.
1365 3739 1465 3818 ‘sa-1

123 3814 237 3892 -cebo
248 3816 502 3914 Phannerum,
529 3820 768 3913 Bortichiurn
787 3824 973 3935 aliosque,
995 3838 1069 3938 uui
1091 3831 1210 3915 'them
1232 3828 1370 3913 uouit
1379 3839 1481 3911 ium

70 3952 73 3957 ·
137 3919 272 4022 quibus
300 3944 372 4022 ego
395 3919 514 4002 dicam
544 3921 706 4011 scribere
728 3928 862 4015 nolo.-

406 4031 408 4034 ⁴
905 4034 910 4045 ‘
1324 4023 1481 4107 ffiffi*

73 4152 78 4159 ¹
140 4139 256 4295 43)ξὲ
271 4137 388 4266 ”¹7¹³ss
410 4152 595 4258 ,ᾹἯΡΐῐοη
620 4121 938 4264 Semilitcapti.
962 4134 1135 4266 pag-hs&
1148 4163 1246 4233 thet.
1262 4150 1381 4217 (Rhis.

24 4356 34 4365 .
125 4306 206 4385 m)
227 4235 372 4388 effl-
388 4253 536 4402 ἴδω,
555 4260 593 4323 v.
610 4260 810 4374 eanvur.
835 4287 1034 4372 pagan...
1172 4265 1200 4376 p
1224 4266 1291 4376 ᾖ,
1330 4340 1340 4354 ¹

348 4351 382 4410 ἕ·
455 4343 613 4415 Hermet.
632 4359 892 4443 Aegyptiorum
911 4358 1101 4424 mettum.
1123 4347 1179 4398 (Ἀ
