3390 4476
179 370 285 607 ’4
413 357 415 361 ¹
577 316 1142 561 RRlRRRuro.

151 693 281 825 pos
301 660 489 755 frustra
466 602 656 780 quaeres:
688 688 728 752 et
743 664 772 751 sr
790 598 892 774 julle
911 665 1046 751 omnia
1068 666 1287 782 animoque
1304 663 1505 785 praejudi-
1598 688 1631 733 ³

204 808 285 892 ciis
302 804 429 890 libero
448 800 731 916 explorentur,
755 795 959 905 manifesto
980 797 1282 922 deprehendes,
1303 808 1507 922 integram

198 943 248 1079 ,in
271 939 353 1026 hoc
374 950 520 1083 campo
540 938 712 1025 literario
732 935 914 1045 messem,
947 935 1121 1053 posteris
1133 935 1210 1024 else
1239 939 1432 1030 relistsm.
1566 948 1571 959 ’

303 1078 405 1192 Non
426 1102 466 1228 id
493 1131 588 1191 eum
616 1108 657 1191 in
681 1100 804 1215 finem
834 1100 902 1187 hic
932 1130 1256 1192 commemorare
1282 1109 1419 1220 volui,
1458 1139 1506 1199 ac

205 1242 235 1329 fi
264 1246 420 1329 animus
449 1212 564 1346 esset,
615 1240 869 1354 eruditorum
896 1243 1081 1349 virorum
1122 1230 1254 1329 famae
1281 1245 1506 1361 quidquam

205 1376 427 1464 detrahere
496 1375 595 1462 Abs
596 1377 633 1463 t'
679 1374 853 1464 veneror
880 1374 1056 1462 illorum
1066 1374 1250 1488 nomina,
1285 1405 1325 1467 et
1349 1384 1388 1468 in
1416 1390 1504 1471 rem

207 1514 419 1600 literarium
446 1514 587 1617 merita
609 1506 777 1628 prorsus
798 1510 999 1626 egregia,
1025 1538 1127 1626 quae
1144 1540 1229 1601 non
1250 1514 1504 1626 nifiidiotae,

208 1654 355 1737 artium
386 1672 426 1735 et
452 1645 705 1736 scientiarum
736 1634 892 1755 osores,
935 1644 1259 1777 floccipendunt3
1316 1649 1383 1737 sed
1412 1653 1504 1740 ideo

168 1777 171 1782 ’
207 1809 362 1873 tantum
384 1785 562 1872 modeste
580 1786 742 1890 monui,
778 1784 939 1898 nequis
963 1786 1133 1905 cogitet,
1168 1813 1236 1869 me
1248 1798 1307 1871 'ex
1326 1787 1397 1872 isto
1417 1815 1526 1901 gre·-

204 1926 413 2037 gariorum
439 1918 653 2041 ihominum
680 1918 754 2021 esse
787 1941 983 2024 numero,
1021 1922 1091 2033 qui
1121 1906 1235 2007 cosla
1264 1945 1505 2038 recoquunt,

205 2057 273 2145 vel
292 2059 425 2144 alienis
444 2056 594 2170 plumis
609 2051 858 2172 superbiunt.
926 2052 1016 2140 Viri
1035 2054 1210 2163 cordati,
1243 2056 1394 2173 quibus
1411 2057 1507 2146 libe·

161 2206 163 2210 ’
206 2193 288 2278 rale
321 2216 464 2279 natura
490 2189 629 2276 indidit
657 2192 885 2305 ingenium,
928 2218 1010 2278 non
1040 2192 1091 2277 ita
1119 2188 1379 2306 judicabunt,
1415 2192 1526 2299 sunt,

205 2330 438 2436 autemsin
459 2353 563 2442 quos
589 2326 758 2442 quadrat
787 2323 1112 2417 vetusdislum:
1160 2336 1334 2424 πολλοι
1367 2339 1527 2427 nosue:
1562 2319 1565 2326 ’
1621 2408 1625 2417 .

204 2469 394 2576 nauata
424 2493 510 2556 vsu
534 2492 599 2555 ure
628 2495 652 2554 ε
653 2489 803 2582 xeos,
849 2490 1028 2578 quorum
1059 2465 1278 2588 censurae,
1306 2464 1347 2555 id
1376 2494 1508 2589 genus

205 2600 411 2686 literarum
438 2626 522 2695 non
555 2602 690 2685 minus
718 2601 774 2687 cst
795 2599 1033 2691 obnoxium.

307 2766 368 2853 Vt
388 2792 497 2853 nunc
516 2763 632 2881 scias,
665 2766 757 2881 quis
781 2767 911 2849 tenuis
929 2761 1051 2871 hujus
1069 2768 1253 2885 opusculi
1275 2773 1320 2862 sit
1346 2771 1437 2862 finis
1467 2757 1509 2861 et
1556 2836 1561 2846 .

202 2898 327 3008 ordo,
371 2898 446 2989 seu
461 2900 560 3017 quid
582 2901 686 2986 hac
675 2926 715 2984 m
736 2926 781 2984 re
800 2896 1085 3013 praestiterim,
1133 2913 1173 2995 in
1185 2912 1367 3001 limine
1368 2913 1528 3028 paucis

156 3151 160 3156 ,
204 3063 244 3127 te
242 3036 461 3133 edocebo.
528 3034 778 3124 Potissimum
798 3033 838 3120 id
855 3033 954 3121 mihi
977 3039 1089 3127 cordi
1116 3066 1158 3131 et
1185 3075 1308 3136 curae
1332 3047 1525 3152 suit,vt
1591 3043 1596 3050 ”

205 3176 406 3291 religionis
436 3175 666 3261 animalium
700 3173 899 3286 origines,
928 3196 992 3263 ex
1021 3181 1292 3297 antiquissimis
1318 3164 1507 3272 barbaro·

204 3339 298 3400 rum
319 3312 505 3398 moribus
524 3333 565 3396 tt
591 3309 733 3396 ritibus
754 3336 981 3426 erueram,
1008 3314 1169 3430 quoda
1198 3316 1394 3435 plerisque
1414 3310 1506 3396 huc
1589 3374 1596 3439 J

204 3443 327 3562 vsque
346 3449 403 3533 est
428 3445 672 3562 neglesium
735 3444 847 3531 Hinc
867 3469 928 3532 tot
951 3445 1100 3537 disens
1085 3470 1197 3539 ones
1217 3472 1259 3538 et
1282 3446 1527 3537 contentio

202 3601 274 3671 nes
299 3582 587 3669 eruditorum!
637 3579 750 3667 Nihil
783 3586 889 3670 enim
918 3586 958 3670 in
966 3582 1300 3703 hieroglyphicis
1335 3578 1504 3668 scientiis

201 3716 444 3834 explicandis
471 3716 671 3825 difficilius
699 3718 777 3838 est,
813 3747 937 3837 quam
969 3712 1354 3836 earum'genuinam
1385 3717 1505 3832 origii

184 3878 308 3957 nem,
343 3857 634 3943 acommentis
651 3850 1064 3973 philosophastrorum
1087 3877 1127 3941 tt
1150 3853 1426 3942 additamentis
1447 3853 1505 3940 di·
1658 3972 1664 3981 .

157 3977 380 4089 ffroguere
405 4013 451 4075 er
445 3995 638 4109 primas
664 4024 813 4087 rerum
841 3988 1092 4117 cognoscere
1118 3989 1281 4108 caulas,
1302 3989 1361 4076 ad
1381 4018 1516 4102 quam

147 4114 462 4248 watonem,
492 4136 673 4229 animus
692 4139 901 4232 laborum
927 4138 1094 4260 pauens
1110 4130 1342 4251 requisitus
1362 4147 1409 4211 et
1424 4124 1543 4208 'inde
1617 4199 1622 4205 ,

147 4230 215 4321 ssa
237 4263 517 4363 exercitatio.
616 4280 686 4374 Vt
716 4312 810 4407 pro
844 4282 970 4379 virili
996 4278 1097 4370 hoc
1121 4267 1350 4382 iacerem,
1386 4255 1448 4344 ad
1468 4279 1575 4338 tem
1620 4264 1623 4269 ·
