3390 4476
183 489 188 497 .
406 406 679 477 trunonis
714 392 1232 481 1u'nrsenrocvuro.
1425 418 1477 490 ‚45

38 591 65 631 ·’
177 588 334 673 mando:
366 616 441 669 tros
461 594 522 669 erit
533 589 654 694 festum
672 591 818 668 Domini.
868 589 972 666 Haec
993 587 1156 667 Aaronis
1180 583 1292 665 verba
1301 645 1320 685 ‚.
1336 583 1471 666 sucum
1553 620 1559 639 r
1690 614 1694 621 ·

177 702 234 773 rei
255 690 436 790 Historia,
461 693 508 771 de
520 718 591 795 qua
605 701 737 794 agitur,
762 689 1132 791 redleeonferantur,
1156 691 1309 769 dubitari
1330 697 1473 789 nequit,
1495 706 1499 727 ¹

176 821 259 875 non
292 795 337 873 ad
367 796 481 899 apidis
510 798 690 893 cultores,
715 794 776 871 sed
803 791 849 871 ad
871 800 943 872 e'os-
961 792 1066 872 luiffe
1086 795 1241 892 direila',
1267 798 1331 895 qui
1347 794 1473 871 Mern-

124 906 127 911 ’
176 900 374 1002 phitarum¹
390 902 518 981 ritibus
539 924 629 997 ‚non
656 912 846 977 vacarunt
896 894 1012 973 Fuiffe
1039 896 1160 975 adhuc
1184 904 1281 975 inter
1299 891 1475 975 Israelitac

11 1016 15 1023 “
103 1068 113 1085 ,
176 1001 348 1102 quasdam
368 1003 506 1099 tribus,
540 1026 634 1102 quae
657 1000 723 1080 ista
745 999 781 1076 se
806 997 1064 1099 superstitione
1084 998 1220 1101 apidis,
1249 1024 1330 1076 non
1350 1004 1475 1100 inqui·
1545 1040 1549 1051 κ

175 1123 330 1204 nerunt,
362 1104 562 1182 admodum
582 1101 635 1179 est
653 1100 842 1203 probabile
865 1118 903 1176 et
926 1127 972 1177 ex
993 1099 1071 1201 ipso
1094 1116 1274 1179 contextu
1297 1102 1473 1202 colligere

127 1250 129 1254 >
174 1205 270 1284 licet.
323 1208 448 1305 Quos,
474 1221 517 1282 vt
535 1202 787 1304 compesceret
801 1201 946 1300 Aaron,
969 1227 1018 1278 ne
1041 1209 1081 1277 in
1100 1211 1200 1303 paria
1215 1219 1369 1280 ruerent
1386 1228 1475 1281 cunr

175 1308 392 1411 Memphitis
407 1309 571 1407 piacula,
593 1306 662 1381 illis
708 1311 879 1400 romittit,
903 1311 943 1380 in
968 1301 1163 1381 crastinum
1183 1306 1364 1402 Iehovac,
1388 1310 1472 1383 veri

175 1410 411 1488 israelitarum
431 1408 609 1505 ‘Numinis
636 1331 768 1483 sebum
794 1405 1068 1482 celebrandum.
1096 1406 1473 1513 ‘Indulgeantzhodie

176 1502 244 1587 suo
269 1506 416 1588 fortalle
438 1510 548 1606 dixit,
574 1515 705 1608 geni0‚
730 1516 793 1609 qui
813 1505 911 1609 apidi
924 1506 1141 1608 supplicant,
1166 1532 1311 1585 moram
1331 1525 1474 1587 tantum

177 1611 295 1689 modo
320 1609 501 1708 habeatis,
535 1630 683 1709 vosque·
699 1617 794 1686 intra
819 1607 962 1686 vestros
986 1608 1176 1687 continete
1199 1612 1352 1709 limites,
1392 1620 1474 1691 crde

31 1798 35 1807 ,
176 1711 278 1790 sacra
298 1715 407 1791 vobis
429 1719 499 1787 erit
523 1711 683 1803 lehovae
703 1710 878 1788 festivitas
902 1727 970 1787 etc.
1022 1709 1235 1792 Convocati
1254 1713 1297 1789 ab
1317 1712 1473 1792 Aarone

160 1814 356 1901 ,israelitae
380 1841 465 1891 cum
486 1814 629 1892 summo
646 1841 756 1892 marre
778 1809 1051 1912 convenissent,
1072 1816 1183 1903 altare
1205 1842 1334 1895 coram
1353 1818 1473 1896 vitulo
1505 1916 1511 1923 .
1558 1826 1561 1837 '

149 1926 155 1933 ’
180 1919 301 2021 pridie
314 1920 444 2025 culto,
469 1916 649 2011 exstruxit
671 1935 707 1999 et
723 1916 858 2003 hostias
878 1924 916 1997 et
935 1917 1148 2001 holocausta
1163 1910 1386 2033 obtulerunt

255 2259 420 2339 Vitulum
435 2261 552 2366 ipsum
570 2260 640 2343 elle
655 2264 779 2342 Deum
794 2264 1002 2343 nullatenus
1016 2263 1269 2343 existimarunt
1282 2254 1476 2360 israelitae,

160 2359 239 2437 'sed
268 2373 350 2440 veri
379 2367 474 2443 illius
502 2368 576 2442 Dei
606 2366 815 2466 symbolum
843 2364 914 2445 effe
938 2367 1195 2466 crediderunt,
1226 2375 1290 2468 qui
1321 2369 1474 2442 brachio

177 2464 331 2540 extenso
357 2490 424 2543 eos
444 2493 465 2541 a
488 2467 663 2543 servitute
676 2468 907 2568 Aegyptiace
928 2469 1156 2544 liberaverat.
1206 2473 1292 2546 Vox
1312 2470 1476 2542 Aaronis

178 2579 217 2639 et
235 2567 380 2666 populi:
406 2568 515 2667 leofest
531 2570 654 2643 Deusl
677 2594 736 2663 us,
763 2575 862 2670 quite
874 2597 917 2644 ex
928 2572 1084 2671 Aegypto
1097 2571 1217 2647 eduxit.
1268 2571 1422 2645 Nehem.
1441 2596 1476 2662 9.
1511 2588 1517 2597 “
1612 2632 1622 2642 .

44 2726 48 2733 .
179 2676 284 2754 v'.18.
314 2665 351 2741 id
377 2665 458 2742 satis
477 2670 575 2743 clare
600 2596 783 2767 Ιοῷῐυτ,
815 2669 917 2767 quod
938 2669 983 2745 de
1002 2672 1122 2746 vitulo
1145 2678 1186 2744 in
1207 2670 1349 2747 deserto
1374 2667 1475 2744 lausto

14 2815 47 2861 ,⁸
178 2766 333 2856 intelligi
352 2775 491 2861 nequit.
544 2770 671 2839 Locus
692 2767 758 2838 iste
771 2769 928 2837 Nehem.
941 2795 1008 2861 per
1033 2797 1133 2840 eram
1149 2797 1235 2849 curn
1250 2771 1369 2849 Exodi
1387 2773 1477 2847 loco

117 2928 126 2949 .,
177 2858 285 2961 supra
317 2874 472 2957 notato,
514 2866 575 2935 cui
610 2886 631 2935 e
662 2861 855 2936 Diametro
888 2886 988 2962 oppo
1003 2878 1091 2959 itus¹
1106 2864 1180 2963 est,
1223 2868 1476 2959 confunditur.

70 3030 72 3039 .
179 2963 270 3041 Non
291 2963 352 3037 hic
369 2959 498 3062 opidis,
531 2957 775 3038 iedlehovae
788 2959 1165 3063 festum·celebratur‚
1199 2992 1310 3069 quem
1331 2968 1396 3046 sub
1418 2977 1475 3047 vi-

179 3065 249 3141 tuli
278 3058 470 3140 simulacro
503 3062 673 3141 colebant
701 3062 1203 3166 cujusque'prondffionibus
1227 3086 1265 3147 et
1288 3073 1476 3175 potentiae

79 3234 86 3261 ,
177 3166 281 3242 luam
313 3164 447 3242 debere
477 3163 751 3264 liberationem,
783 3165 1030 3269 profitentur,
1065 3170 1333 3254 vociferantes:
1365 3178 1416 3254 iic
1434 3176 1478 3274 cll

177 3272 276 3350 Deus
293 3282 369 3344 tuor
385 3286 454 3346 etc.
506 3268 647 3343 Verum
666 3275 707 3344 in
732 3292 779 3346 eo
802 3284 926 3347 tamen
947 3293 1168 3375 peccarunt,
1194 3278 1295 3378 quod
1313 3269 1478 3359 fandum

139 3408 143 3415 ·
175 3374 282 3451 illum
303 3386 340 3446 et
359 3367 592 3447 benedidlum
614 3386 758 3471 patrum
779 3368 929 3450 luorum
948 3366 1093 3479 Deum,
1118 3375 1183 3456 sub
1198 3379 1480 3488 Aegyptiorum

113 3511 124 3527 .
176 3473 356 3580 symbolo
367 3472 604 3570 adoraverint
622 3499 782 3574 eumque
801 3474 934 3553 iisdem
954 3480 1105 3581 ritibus,
1128 3484 1481 3595 'quibus'llegyptus

179 3585 287 3681 apio,
309 3579 498 3685 colerent,
512 3600 586 3676 quo
600 3574 636 3653 se
651 3573 862 3681 graviffimo
876 3578 1105 3664 idololatriae
1117 3585 1253 3670 scelere
1268 3590 1479 3674 obstrinxe-

175 3698 280 3759 tunt.
331 3680 387 3755 Ex
409 3676 630 3755 ludaeorum
657 3680 873 3761 doiloribus
896 3686 933 3762 id
961 3688 1190 3775 cordatiores
1218 3721 1298 3776 non
1327 3718 1482 3802 negant,

129 3774 143 3793 ¹
179 3786 393 3885 nullamque
417 3778 581 3859 Israelitis
604 3781 771 3893 obtigiffe
791 3811 955 3888 poenam
978 3795 1202 3901 agnoscunt,
1235 3808 1276 3879 in
1302 3829 1376 3903 qua
1399 3831 1488 3882 nou

180 3882 293 3964 luerit
316 3890 426 3967 vncia
449 3884 743 3987 transgreffionis
763 3893 883 3971 vituli.
934 3898 1061 4003 Quod
1080 3920 1217 3984 autom
1225 3905 1473 3983 iudeorum
1490 3921 1523 3965 a

180 3989 590 4171 caedibuppepcrccril,
623 3992 714 4085 ideo
729 3996 904 4110 sallum,
928 4016 1138 4121 quianon
1156 3986 1559 4101 &musve-usam

8 4104 11 4111 ’
138 4113 314 4230 'acerum
348 4091 573 4223 ebullitio,
611 4104 827 4198 coluerint.
1202 4114 1209 4133 ’
1409 4164 1415 4169 -

1530 4276 1539 4291 ·
1557 4264 1656 4313 ‚¹32-
