3390 4476
264 243 267 247 ,
334 194 360 237 0

180 391 255 473 44„
403 371 704 433 spermata.
756 373 815 443 op
852 366 1050 429 vrrvuo
1087 372 1259 429 avaro

173 511 390 661 petierunt,
422 553 527 630 luere
552 549 751 646 Israelitae,
786 547 847 626 sed
867 549 1106 651 quadraginta
1130 551 1328 629 hominum
1355 553 1492 658 millia,
1526 550 1538 557 ”
1608 516 1618 529 ’

185 667 250 760 qui
274 684 360 735 cum
385 654 549 732 Israelitis
578 679 625 729 ex
646 656 825 753 Aegypto
857 652 1100 729 ascenderunt
1123 668 1162 728 et
1183 653 1364 756 Aegyptii
1383 668 1494 761 mag}
1601 688 1609 696 -

187 763 285 858 du0,
311 761 414 836 lanes
437 777 475 833 et
496 756 656 841 lambres
679 762 832 832 nomine
853 758 919 851 *);
953 753 1160 854 promiscua
1185 756 1247 830 illa
1267 759 1508 863 multitudo,-

189 888 299 964 quam
329 864 387 936 ex'
402 860 583 961 Aegypto
604 857 729 934 Moses
751 855 874 934 secum
900 854 1097 956 eduxerat,
1137 880 1305 957 quosque
1329 856 1498 968 fecerat,
1624 872 1627 877 ·

131 976 140 985 “
188 964 397 1067 proselytos
421 965 507 1056 aa),
544 961 633 1035 olim
663 958 777 1061 apidis
806 958 937 1036 ritibus
964 957 1141 1035 adsuetos.
1192 954 1248 1036 At
1271 986 1367 1039 vana
1390 966 1498 1048 haec
1572 1056 1575 1061 ,

188 1066 407 1143 Iudaeorum
425 1077 654 1159 commenta,
680 1078 803 1139 textus
822 1059 896 1164 ipse
917 1087 953 1138 v.
972 1090 1005 1155 13
1023 1081 1061 1139 et
1076 1087 1114 1151 14
1130 1054 1263 1139 refutat
1278 1063 1497 1171 Molesque
1523 1134 1526 1139 ,
1564 1076 1575 1087 ’

190 1167 365 1268 judexet
382 1150 638 1258 vindeX,‘non
656 1163 772 1242 solum
794 1180 962 1260 exteroS,
988 1160 1048 1239 led
1065 1162 1102 1238 e't
1124 1160 1320 1268 Israelita,
1345 1194 1500 1275 magno

190 1296 349 1351 numero
373 1267 423 1347 ob
443 1290 681 1357 communem
703 1283 866 1368 reatum,
895 1264 1070 1347 trucidari
1088 1262 1196 1367 judie
1468 1270 1475 1277 '
1632 1274 1637 1279 “

266 1577 303 1650 Si
325 1576 414 1676 ⁴quid
436 1574 511 1685 est,
534 1573 639 1678 ,quod
658 1571 832 1651 israelitas
857 1568 1031 1651 excusare
1052 1570 1343 1675 quodammodo
1356 1570 1504 1688 potest²

190 1675 228 1753 id
256 1675 324 1753 elle
347 1680 483 1779 credo,
520 1680 620 1781 quod
643 1679 687 1754 ab
709 1679 909 1778 Aegyptiis
924 1683 1070 1751 incitati
1092 1677 1324 1760 idololatriae
1350 1694 1500 1767 crimen
1566 1704 1586 1735 ·'

189 1779 461 1880 commiserint,
488 1802 531 1859 vt
550 1810 598 1859 ex
621 1796 749 1857 textu:
798 1782 832 1856 tn·
848 1782 931 1884 suad
955 1780 1020 1859 Da·
1046 1784 1096 1855 tui
1116 1808 1136 1855 o
1157 1780 1284 1881 Israel,
1317 1794 1378 1895 qui
1400 1804 1433 1871 te
1453 1818 1497 1865 ex

150 1966 153 1971 ,
189 1883 346 1989 Aegypto
369 1890 562 1971 eduxerunt,
601 1909 683 1961 non
712 1879 867 1959 obscure
898 1880 999 1980 sequi
1017 1880 1176 1963 videtur.
1231 1887 1341 1967 Haec
1364 1888 1496 1990 verba,

194 1980 309 2086 fiquid
328 1990 453 2087 video,
479 2012 571 2086 gens
588 1995 813 2087 aegyptiaca,
831 2008 925 2062 curn
943 1983 1095 2082 saltaret,
1117 1986 1262 2068 luderet
1283 1991 1491 2095 festumque

189 2088 303 2188 apidis
327 2092 547 2186 celebraret,
572 2090 747 2184 israelitis,
773 2104 816 2165 vt
839 2114 991 2165 omnem
1013 2096 1092 2163 veri
1117 2080 1291 2175 Numinis
1314 2098 1484 2175 recorda·
1575 2102 1583 2113 '

188 2197 335 2266 tionem
349 2199 388 2267 in
402 2216 534 2267 eorum
549 2196 679 2267 animis
699 2189 859 2285 deleret,
887 2208 923 2265 et
942 2186 1019 2265 stne
1039 2215 1186 2270 remora
1206 2202 1248 2274 in
1268 2216 1385 2302 partes
1401 2186 1480 2269 ¹sareas

157 2292 370 2385 traheret,
410 2289 666 2389 succlamauit,
706 2287 981 2394 persuadendo,
1022 2318 1102 2379 non
1131 2299 1288 2377 aliorum
1313 2302 1477 2375 Deorum
1562 2333 1566 2339 ·

190 2420 264 2497 ope
293 2410 330 2470 et
357 2394 556 2499 potestate,
590 2419 699 2495 quam
724 2419 817 2495 quae
842 2392 906 2491 sub
932 2394 1131 2497 conspicuo
1160 2407 1266 2481 vituli
1293 2397 1482 2479 fimulacro

184 2501 351 2596 coleret,
376 2524 424 2574 ex
449 2499 615 2601 Aegypti
636 2497 832 2599 tyrannide
855 2495 925 2577 effe
955 2499 1140 2580 liberatos.
1195 2504 1333 2582 Credas
1356 2501 1485 2595 velim,
1563 2534 1580 2553 ν

159 2602 229 2676 -hi
249 2600 333 2677 sunt
363 2602 426 2677 Dii
450 2608 524 2699 tui,
565 2598 606 2679 o!
632 2598 756 2700 lsrael,
797 2610 860 2703 qui
883 2619 918 2680 te
946 2628 993 2679 ex
1020 2607 1281 2683 calamitatibus
1300 2618 1340 2679 et
1362 2602 1482 2674 domo
1542 2622 1545 2627 ·
1622 2626 1626 2637 ¹

186 2701 370 2781 servitutis
396 2704 604 2779 eduxerunt
627 2722 697 2781 etc·
747 2706 998 2802 Vocabulum,
1032 2709 1172 2805 tumba,
1204 2704 1304 2800 quod
1331 2699 1482 2797 pluralis
1590 2716 1615 2745 =‘

189 2803 242 2881 est
269 2813 436 2902 numeri,
475 2792 537 2879 hic
559 2810 598 2879 in
617 2800 787 2903 fingulari
807 2800 1046 2904 sumendum,
1078 2809 1242 2912 plerique
1262 2806 1486 2899 interpretes
1594 2886 1597 2895 ¹

187 2908 424 3004 arbitrantur,
451 2907 637 2984 Bocbarto
661 2906 756 3007 duce
781 2909 870 3003 aaa).
915 2911 1078 3008 Verum,
1113 2902 1162 2986 ne
1182 2934 1204 2986 a
1228 2911 1350 2985 nativa
1372 2909 1486 2981 vocis
1527 2918 1530 2923 ’

186 3006 456 3108 fignificatioue
485 3009 734 3107 decedamus,
760 3033 820 3087 res
844 3007 917 3111 ipsa
939 3010 1073 3090 suadet.
1132 3012 1223 3090 Non
1243 3014 1342 3085 enim
1362 3028 1488 3083 vnum
1526 3078 1530 3085 .

187 3112 251 3190 sub
277 3110 642 3213 vitulinosymbolo,
667 3111 729 3189 led
751 3111 826 3191 duo
841 3110 1041 3192 adorabant
1056 3117 1241 3214 Numina,
1267 3126 1401 3210 nempe
1423 3104 1498 3182 lsr-'
1560 3116 1579 3157 ·’

189 3217 330 3293 demet
356 3213 539 3293 Oliridem
566 3216 617 3320 (p.
633 3220 701 3310 5²)
726 3241 817 3316 quae
841 3223 917 3319 apis
939 3220 1175 3322 exprimebat.
1224 3218 1271 3292 Et
1291 3214 1362 3291 hos
1380 3211 1491 3291 Deos

189 3320 366 3421 populum
388 3346 434 3397 ex
456 3321 636 3425 Aegypto
657 3315 836 3418 eduxisse,
871 3322 1150 3403 contendebant
1173 3319 1402 3400 idololatrae:

794 3548 802 3567 .
855 3500 904 3571 ι6.
972 3499 977 3509 ’

96 3642 105 3649 ·
200 3682 203 3687 .
268 3619 368 3698 Cum
388 3618 499 3723 apidis
519 3622 651 3703 festum
667 3490 892 3709 eelebdantds
913 3632 1194 3730 baccharentur,
1219 3616 1351 3705 Aaron
1371 3620 1408 3699 id
1432 3629 1492 3708 ui-

104 3814 109 3827 Ι
192 3721 284 3800 dens
317 3721 467 3801 solenne
495 3726 629 3805 festum
670 3729 831 3809 lehovae
856 3742 895 3811 in
925 3733 1123 3814 crastinum
1150 3735 1304 3829 indixit,
1344 3727 1493 3908 ΡΓΟᾛῙᾶ·

985 3862 988 3869 ·
1308 3855 1423 3908 aman
1450 3857 1517 3911 o:-

211 3987 253 4068 ⁶)
274 3972 461 4057 Tssfivlwmfl·
485 3994 551 4061 Pol·
568 4003 619 4079 46.
643 4003 676 4067 C.
694 4002 822 4072 Calrnet.
835 3970 914 4070 otti.
926 4002 1089 4091 biblapag.
1102 4021 1155 4077 per
1166 4003 1211 4086 in,
1232 3968 1414 4075 exsugam.

85 4100 90 4109 '
193 4068 480 4269 ’33τῇἶέύὲῗὲώὶ
505 4089 540 4150 in
576 4076 754 4163 Comment.
792 4094 826 4160 in
854 4093 955 4161 Exod-
990 4096 1070 4183 Cap·
1087 4092 1210 4161 mli.
1238 4092 1396 4185 §ebibi-
1431 4080 1523 4149 Q«
1623 4050 1626 4054 -

159 4234 765 4353 Qffimmm·,
