3390 4476
411 366 415 373 “
467 358 753 449 'strenuis
790 386 846 444 ts
887 342 1255 475 mosomus,
1483 391 1523 468 35
1563 342 1567 351 ¹

155 721 179 796 j
243 800 246 805 Ι
296 699 397 783 Plato
414 699 573 802 sirleto,
592 692 708 802 xjusta
729 697 959 779 sacerdotum
981 699 1258 804 Aegyptiorum
1279 697 1518 878 theolofiam,
1544 678 1558 701 Χ

219 811 429 888 animalium
454 804 640 909 symbola,
662 804 709 884 'vt
733 799 886 883 'visibilia
903 803 1110 884 Nominum
1133 801 1388 907 supremorum
1421 828 1518 903 1gna,
1585 832 1589 841 s

222 912 267 989 ab
291 908 526 991 invisibilibus
550 910 653 1006 Diis,
689 905 754 986 sub
782 907 893 1005 idolis
921 915 1128 1004 contentis,
1171 903 1370 1004 distinguit.
1432 907 1517 985 Hos
1680 898 1693 933 ⁸

220 1039 300 1093 non
312 1013 481 1093 videmus
503 1019 566 1109 ait,
593 1010 802 1089 sedentum
825 1016 1002 1110 imagines
1021 1004 1255 1107 fabricemur,
1275 1034 1415 1110 eosque
1431 1011 1516 1088 licet

218 1122 417 1215 inanimes,
441 1116 529 1192 dum'
548 1115 799 1210 honoramus,
823 1112 928 1191 Deos
949 1110 1047 1213 ipsos
1065 1119 1237 1189 viventes
1256 1109 1515 1211 existimamus,

85 1303 89 1309 ,
218 1219 268 1297 ob
281 1219 321 1296 id
335 1226 497 1296 maxime
515 1215 626 1291 nobis
648 1230 773 1312 gratos
793 1229 831 1291 et
879 1220 1035 1315 ropltios
1051 1210 1133 1291 sore
1147 1216 1204 1307 ⁴⁶).
1251 1214 1396 1291 Petrum
1417 1214 1516 1295 testi-

219 1330 361 1400 moniis
382 1337 420 1398 et
435 1317 474 1393 id
498 1312 739 1393 corroborari
761 1239 902 1416 potefis
929 1316 1133 1394 nonnulle-s
1150 1311 1220 1392 esse
1242 1314 1428 1414 referunt,
1454 1327 1516 1420 qui

101 1481 105 1488 .
218 1429 399 1522 imagines
423 1416 572 1517 quidem
596 1418 663 1493 has
686 1413 757 1492 effe
778 1416 927 1516 dicunt,
962 1418 1066 1494 Deos
1088 1434 1211 1493 autem
1230 1414 1320 1513 effe,
1355 1443 1515 1520 quorum
1571 1426 1574 1431 ’

218 1526 289 1601 hae
312 1519 383 1599 srnt
406 1525 585 1619 imagines
608 1520 689 1619 “h
739 1514 886 1605 Omnes
912 1525 1023 1596 etiam
1051 1530 1131 1597 vno
1160 1517 1238 1598 fere
1268 1544 1336 1598 ore
1361 1511 1513 1623 profite-

217 1624 352 1700 bantur
371 1620 628 1722 sapientiores,
645 1612 848 1699 ⁴simulacra
868 1618 1054 1720 ejusmodi
1069 1643 1150 1698 non
1169 1617 1240 1699 elle
1259 1616 1326 1725 p'er
1339 1621 1376 1699 se
1395 1625 1513 1728 Deos,

217 1749 342 1826 neque
369 1720 534 1826 rellgiosa
562 1722 708 1803 decreta
733 1722 915 1823 Numina,
950 1719 1013 1800 ‘sed
1039 1749 1082 1800 ea
1102 1731 1143 1800 in
1165 1726 1223 1802 his
1242 1726 1365 1803 colere
1386 1753 1452 1807 eos
1475 1748 1514 1813 et

97 1852 101 1859 ’
218 1832 415 1924 venerari,
453 1851 547 1928 quae
578 1825 758 1904 dedicatio
784 1822 884 1923 sacra
910 1824 1025 1904 insert
1055 1828 1162 1930 θὴς
1210 1824 1249 1906 se
1278 1851 1359 1906 non
1389 1834 1513 1913 colere

159 1934 163 1939 ’
215 1929 290 2035 ipsa
305 1924 515 2029 simulacra,
533 1927 594 2006 sed
614 1930 796 2029 Numina,
820 1954 912 2033 quae
924 1955 990 2035 per
1006 1956 1049 2008 ea
1065 1926 1313 2033 significantur
1328 1935 1421 2028 W)
1438 1937 1514 2015 Lu.

215 2041 344 2115 cianus
366 2035 506 2125 nullam
528 2031 614 2124 sane
636 2029 749 2111 fidem
769 2053 950 2134 meretur,
976 2042 1040 2138 qul
1061 2035 1172 2135 nobis
1192 2037 1273 2115 vult
1293 2034 1512 2145 persuasum,
1579 2050 1583 2057 '

202 2137 313 2240 -apud
331 2136 544 2241 Aegyptios
565 2143 765 2239 antiquitus
787 2141 921 2242 templa
942 2139 1081 2240 absque
1106 2135 1306 2235 simulacris
1331 2157 1369 2219 et
1390 2139 1514 2226 statuis

67 2247 71 2253 ’
213 2236 320 2319 furlie
341 2241 402 2344 Τ),
442 2267 538 2347 quae
563 2262 687 2322 tamen
709 2243 760 2319 ob
783 2242 955 2320 Deorum
983 2240 1149 2345 symbola
1173 2240 1324 2325 suerunt
1351 2247 1512 2327 condita.
1537 2271 1542 2280 ·

75 2384 84 2397 -
162 2374 179 2418 κ
213 2344 259 2420 Et
280 2344 382 2424 hunc
410 2338 693 2425 simulacrorum
721 2342 783 2422 seu
811 2343 1001 2423 sacrorum
1032 2346 1243 2423 animalium
1273 2344 1431 2446 cultum',
1466 2352 1511 2429 ab

213 2443 287 2549 ipsa
306 2445 513 2529 idololatria
533 2446 702 2547 differre,
728 2471 777 2524 ex
802 2445 908 2552 supra
931 2448 1045 2530 allatis
1066 2445 1184 2527 modo
1201 2444 1345 2527 constat
1362 2452 1451 2550 ††).
1495 2534 1504 2541 ,
1631 2452 1634 2457 ’

789 2613 822 2715 s·
874 2639 931 2704 40·
1055 2624 1059 2629 ’

290 2742 382 2818 Non
395 2742 635 2823 mediocriter
647 2751 688 2822 in
701 2768 745 2819 ea
759 2769 821 2820 me
829 2736 1035 2822 ¹'confirmat
1049 2743 1246 2842 sententia,
1278 2741 1378 2845 quod
1397 2743 1506 2827 sacris

187 2884 191 2891 ·
216 2839 428 2915 animalium
445 2838 621 2937 symbolis
641 2847 757 2933 nulla,
783 2861 827 2914 vt
845 2845 955 2915 idolis
974 2845 1158 2935 solebant,
1185 2845 1305 2921 oblata
1316 2843 1388 2934 ,sint
1398 2846 1505 2924 sacri-

215 2936 310 3017 ficia.
363 2934 579 3037 Antiquitus
592 2940 784 3013 immolare
798 2939 970 3015 homines
983 2944 1099 3017 moris
1112 2957 1190 3019 erat
1203 2956 1242 3014 et
1255 2940 1394 3021 summa
1407 2947 1506 3027 hisce
1547 2952 1552 2965 ’

215 3047 379 3121 cruentis
391 3038 548 3118 vislirnls
562 3039 708 3140 placare
717 3039 888 3116 Numina.
921 3041 1120 3137 Homines,
1140 3044 1369 3144 quicolorls,
1393 3072 1508 3148 quem

164 3194 170 3204 -
214 3144 345 3222 habuit
368 3142 559 3244 Typhon,
586 3158 709 3240 erant,
735 3140 781 3217 ad
803 3142 986 3245 tumulum
1003 3139 1353 3247 Ofiridisareglbus
1369 3152 1506 3233 masia.

214 3246 447 3343 banturffi).
462 3243 675 3335 Plutarchus
685 3269 731 3320 ex
740 3244 971 3327 Manethone
980 3244 1101 3343 tradit,
1117 3244 1219 3347 quod
1227 3248 1400 3331 homines
1409 3262 1509 3356 eJ'us.
1641 3244 1648 3271 ’

214 3348 319 3428 modi
351 3348 507 3442 coloris,
542 3368 638 3446 quos
668 3346 898 3448 Typhonios
920 3363 1126 3446 vocarunt,
1158 3355 1200 3426 in
1225 3353 1315 3430 vrbe
1339 3355 1507 3463 llithyiae

213 3459 325 3530 vivos
353 3444 634 3543 comburiertnt,
666 3455 903 3552 cineremque
930 3452 1157 3530 ventilando·
1171 3451 1369 3559 diffiparint
1398 3481 1508 3570 atque

133 3628 136 3633 .
211 3554 444 3636 aboleverint
464 3554 570 3651 itit).
607 3550 826 3633 Herodotus
847 3551 996 3656 quidem
1016 3563 1165 3659 negat,
1183 3564 1383 3644 immanem
1405 3570 1511 3654 hunc

743 3674 747 3681 ’
875 3657 950 3734 ¹32
1384 3673 1509 3759 horni-

250 3832 286 3908 i¹)
309 3834 353 3890 De
372 3832 443 3906 Leg.
463 3825 528 3889 Lib.
544 3827 594 3891 xl.
619 3848 645 3911 p.
661 3831 732 3902 682..
845 3830 902 3913 us)
922 3832 1060 3914 Athenae.
1082 3840 1165 3903 Oret.
1187 3861 1241 3925 pro
1266 3838 1431 3912 chrisme.

252 3918 330 3993 il⁴³2²)
359 3915 468 3979 Arnob.
489 3914 576 3978 cont.
596 3927 672 3992 gent.
702 3915 766 3982 Lib.
781 3916 833 3980 Vl.
862 3940 894 4006 p.
910 3936 967 3981 seo
987 3938 1022 3986 et
1039 3943 1102 3999 ms.

249 4001 348 4079 W)
368 3996 536 4083 Hospinian.
558 4000 594 4063 ‹le
619 3999 758 4091 templor.
778 4008 901 4092 ongis.
926 4011 1059 4077 uun.
1078 4011 1265 4098 Ceoffil'x·
1281 4027 1360 4090 We»
1374 4015 1446 4066 ‘ffi-

242 4089 277 4168 γ)
295 4090 342 4145 De
361 4089 423 4148 Dea
445 4088 538 4161 syria.
576 4093 677 4157 Tcm.
698 4095 756 4164 ΙΙΙ.
791 4122 825 4189 p,
844 4116 933 4184 749¹

912 4153 921 4171 ἢ

228 4170 283 4247 ss)
304 4168 488 4252 Refregntur
507 4177 653 4246 Buddens
677 4188 760 4259 llist.
779 4207 849 4259 vet.
862 4190 962 4258 Teit.
998 4184 1178 4254 berhomi.
1200 4177 1296 4241 ἰώ·
1310 4167 1382 4229 m·
1413 4137 1638 4237 WWQQ*

135 4294 139 4299 ⁵
217 4251 298 4334 m)
319 4257 416 4324 ΒΜ·
441 4263 661 4360 le.1.,pag.
684 4295 740 4366 79·
875 4280 985 4369 llll)
1013 4271 1188 4359 Plutonem
1201 4258 1369 4369 &boehm
1385 4240 1650 4369 ἳῆἦᾫζψ..
