3390 4476
162 387 209 464 χο
328 464 337 477 x
376 377 572 442 'sicrio
612 382 704 439 vii.
747 360 825 435 'oe'
853 381 1050 437 vrivio
1085 372 1255 442 ivaro
1293 340 1298 441 ζ

525 556 873 691 ,suerio
941 498 1074 667 vii

757 780 842 844 ,ue

164 868 167 883 '
207 883 404 1003 virvio
430 879 604 961 avano
631 879 670 959 A
693 880 888 958 ivuiiais
909 880 963 958 ru
988 859 1222 979 uisnnro
1250 882 1451 975 eiuro.
1609 842 1613 847 ⁵

564 1136 572 1151 ,
748 1053 780 1158 t·
839 1071 893 1146 ⁴8·
1507 1130 1516 1171 -,

171 1244 179 1269 .,
247 1187 395 1268 Edudlis
415 1192 557 1291 potenti
579 1187 652 1265 Dei
673 1212 785 1265 manu
811 1215 832 1264 e
854 1187 969 1264 domo
987 1185 1190 1287 servitutis,
1222 1196 1264 1267 iii
1289 1191 1498 1285 desertum
1531 1208 1536 1221 ''

142 1371 144 1377 ,
171 1293 358 1398 Israelitis,
391 1290 636 1392 peculiaribus
663 1291 759 1368 hanc
784 1308 938 1389 gentem
969 1289 1140 1368 institutis
1161 1307 1199 1368 et
1219 1294 1392 1400 legibus,
1434 1308 1485 1387 ab
1588 1326 1591 1331 ’

171 1402 248 1478 aliis
272 1415 389 1473 terrae
413 1394 562 1499 populis
579 1391 771 1494 segregare
796 1396 917 1472 voluit
936 1389 1143 1494 supremum
1158 1395 1323 1476 Numen.
1351 1404 1487 1490 Moses

172 1504 249 1582 dux
277 1517 315 1576 et
336 1515 467 1598 caput,
507 1512 548 1571 vt
571 1497 636 1572 has
661 1496 763 1599 leges
792 1521 814 1573 e
838 1521 950 1573 manu
970 1497 1040 1571 Dei
1065 1505 1276 1600 acciperet,
1305 1512 1348 1583 iii
1370 1505 1485 1592 sinais

145 1654 149 1658 ·
171 1611 311 1684 montis
332 1607 476 1705 apicem
495 1596 658 1677 ascendit
674 1615 711 1674 et
729 1608 770 1677 in
783 1596 972 1677 consortio
994 1598 1113 1675 divini
1129 1596 1306 1685 Numinis
1327 1615 1485 1711 quadra.
1619 1668 1622 1673 .

171 1719 276 1812 ginta
291 1704 368 1783 dies
380 1710 504 1802 exegit
518 1705 572 1796 ⁴⁶).
596 1701 777 1813 Populus,
799 1727 886 1779 cum
898 1698 1025 1779 Moses
1039 1703 1134 1779 vltra
1149 1701 1484 1818 exspetlationem,

171 1821 213 1891 in
227 1822 357 1887 monte
371 1822 536 1882 moratus
550 1799 655 1901 esset,
682 1829 811 1881 morae
824 1810 1040 1904 impatiens,
1066 1802 1110 1881 ad
1122 1804 1322 1891 Aaronem
1335 1841 1483 1901 conve·

171 1923 228 1994 nit
243 1915 420 1992 clamans:
447 1905 651 2003 nescimus,
679 1906 766 2009 quid
781 1906 954 1984 acciderit
966 1901 1086 2002 Mosi,
1110 1915 1176 2011 qui
1197 1936 1271 1991 nos
1287 1943 1336 1995 ex
1350 1924 1481 2025 Aegy-¹
1574 1902 1581 1919 ⁸

170 2033 236 2121 pto
250 2006 397 2093 eduxit?
423 2011 466 2086 In
484 2011 595 2093 alium
608 2009 701 2087 haec
714 2007 827 2085 verba
841 2006 984 2085 sensum
997 2009 1224 2111 detorquent
1240 2018 1364 2099 ludaei
1380 2025 1474 2102 etad
1499 2096 1504 2104 .

133 2110 137 2115 ’
171 2121 229 2198 id:
256 2114 350 2195 vidit
376 2108 710 2218 populus'Mosem
740 2136 885 2189 morem
914 2110 1058 2209 facere,
1084 2115 1226 2194 addunt
1253 2116 1317 2198 sex
1346 2125 1468 2221 horas,

173 2245 261 2302 cuni
288 2226 328 2293 in
359 2218 473 2290 altum
507 2210 679 2289 aseendit
752 2211 906 2309 Moses,
940 2213 1080 2292 dixerat
1101 2216 1292 2301 Israelitis:
1328 2208 1366 2300 in
1387 2220 1464 2299 fine
1558 2274 1566 2285 „

173 2320 413 2427 quadraginta
446 2301 691 2411 dieiums‘sn
720 2321 904 2419 principio
932 2314 995 2392 sex
1025 2319 1223 2423 horarum,
1264 2324 1339 2401 suni
1365 2320 1462 2398 tedi-
1589 2326 1608 2391 Γῗ·

173 2444 279 2507 tuius
297 2424 374 2513 aa).
450 2417 644 2519 Tempore
670 2418 746 2495 hoc
768 2419 978 2519 completo,
1005 2444 1091 2499 curn
1108 2450 1189 2505 non
1206 2422 1379 2523 rediisset,
1403 2421 1469 2509 ad·
1584 2438 1608 2483 -·

171 2534 249 2609 huc
270 2527 355 2603 alias
375 2543 505 2597 morae
530 2516 653 2600 causas
675 2535 713 2598 et
745 2518 885 2603 fabular
908 2521 1116 2629 adstruunt,
1149 2552 1255 2633 quas,
1290 2533 1354 2632 qui
1373 2524 1473 2607 scire

173 2637 296 2737 cupit,
322 2622 566 2733 Talmudicos
587 2623 692 2704 adeat
716 2624 900 2709 dodores.
1219 2634 1226 2639 ’

750 2782 782 2884 §-
833 2810 890 2878 49·

188 2922 201 2947 '
247 2914 422 2996 israelitae
444 2906 591 2991 Mosem
614 2907 757 3015 periisse
778 2919 859 3013 rati,
881 2914 957 3014 vel,
981 2930 1023 2994 vt
1042 2924 1084 2996 in
1101 2913 1242 2995 Ionath.
1266 2911 1479 3013 paraphrasi
1536 2984 1542 3001 ,

169 3026 323 3129 legitur,
351 3016 585 3097 consumtum
599 3020 653 3097 'in
672 3031 824 3114 monte,
846 3023 887 3093 in
907 3043 983 3119 quo
1005 3026 1102 3121 ignis
1116 3046 1136 3096 a
1149 3016 1244 3095 sacie
1258 3015 1331 3090 Dei
1349 3011 1492 3116 fulge·
1544 3024 1550 3028 ·

169 3132 252 3229 bat,
285 3126 380 3205 duce
394 3120 465 3229 suo
480 3119 668 3218 destituti,
701 3118 748 3197 de
762 3120 839 3198 aliis
855 3117 919 3198 sibi
930 3123 1013 3202 Diis
1028 3118 1228 3202 visibilibus
1243 3115 1478 3217 coristituen-
1582 3178 1590 3185 .

173 3233 227 3313 dis
249 3225 399 3310 consilia
421 3231 634 3329 agitant-ct
648 3224 693 3301 ab
708 3223 862 3303 Aarone
875 3226 1013 3304 horum
1027 3222 1285 3319 simulacrum,
1311 3221 1412 3321 quod
1427 3230 1497 3305 iis-
1562 3244 1590 3301 -ι,
1610 3286 1623 3331 ι..

170 3334 438 3439 praeferretur,
470 3326 662 3434 postulant.
746 3325 974 3408 Primoribus
1001 3329 1041 3408 id
1070 3329 1242 3416 tribuitur
1266 3351 1289 3402 a
1321 3325 1477 3425 quibus·
1533 3336 1616 3419 ξ

172 3438 255 3517 dam
275 3441 371 3534 aaa),
398 3440 461 3535 qul
481 3432 520 3510 id
536 3428 716 3510 consensu
740 3448 778 3508 et
793 3433 984 3512 voluntate
1007 3434 1135 3538 p‘opuli
1155 3431 1350 3528 fecerunt,
1371 3454 1478 3533 cum,
1540 3440 1558 3535 Ἰ

172 3538 380 3643 ᾳυοραᾶο
398 3543 532 3635 ingens
553 3535 614 3611 illa
633 3533 832 3612 multitudo
847 3535 891 3612 ad
907 3541 1100 3615 Aaronem
1116 3530 1223 3613 simul
1235 3534 1415 3612 accedere
1436 3556 1504 3616 et·

173 3666 258 3719 cum
287 3642 351 3717 illo
381 3642 546 3743 colloqui
571 3643 753 3741 potuerit,
787 3640 941 3742 intelligi
964 3659 1134 3745 nequeat.
1193 3635 1385 3740 Quidquid
1417 3635 1477 3741 sit,
1543 3680 1546 3685 ·

173 3742 350 3843 gliscente
373 3746 413 3817 in
428 3741 568 3842 populo
589 3738 727 3843 turba,
743 3749 909 3820 vnanimi
923 3767 1021 3820 voce
1043 3745 1292 3821 exclamante:
1317 3738 1377 3817 fac
1401 3769 1490 3822 no·.
1616 3774 1622 3787 ’

171 3846 230 3947 bis
241 3846 368 3961 Deos,
393 3851 456 3951 qui
467 3867 539 3922 nos
553 3840 793 3945 praecedant,
817 3843 975 3924 insaniae
991 3846 1263 3952 obtemperavit
1281 3844 1415 3934 Aaron
1437 3866 1478 3926 et
1608 3906 1611 3911 -

1334 3954 1476 4049 inquit:
1535 3966 1539 3973 '

179 4102 218 4177 ⁴)
237 4103 336 4169 Erat.
355 4105 484 4175 XXXII.
554 4109 617 4194 ⁴⁶)
630 4103 1164 4179 Tradet'ralmuiuetauuaum.
1178 4102 1313 4180 Cap-iil,
1329 4115 1458 4179 pamp-
1472 4094 1509 4159 a?
1597 4104 1623 4181 23·

125 4259 128 4265 ,
164 4186 249 4267 m)
272 4192 417 4348 ⁸¹¹}{⁰¹''
446 4202 482 4265 in
515 4200 641 4271 urion
667 4194 782 4275 reciet.
810 4214 876 4267 ve.
901 4196 997 4263 ren.
1033 4186 1217 4271 retiarii.
1246 4182 1375 4242 uon.
1396 4175 1528 4260 uiua.

192 4294 322 4357 reae
363 4328 374 4347 .
1093 4330 1098 4338 ,
1214 4320 1248 4331 r.
1496 4294 1500 4300 ·
