3390 4476
186 328 194 343 a
350 320 368 353 0
428 353 430 357 .
567 348 570 353 ,
893 350 899 371 x

203 410 320 469 SECT.
345 407 405 464 vl.
442 405 494 462 DE
519 365 991 461 cvucvmomtainico
1014 397 1358 489 tucon'ivunuos
1410 410 1453 486 39

132 590 255 669 'locus
279 589 315 684 a)
342 590 404 685 qui
424 584 512 662 huic
532 590 678 664 veritati
699 586 867 686 inprimis
888 579 1112 680 suffragatur.
1154 571 1247 662 'Cum
1268 584 1450 688 longeio-

26 765 32 770 .
147 698 249 794 quit,
263 686 334 792 ‘per
355 688 524 768 Hebraeos
545 687 748 793 posterorum
757 686 859 787 series
884 688 959 789 esset
972 688 1394 792 inAegyptopropagato,
1419 701 1450 764 et
1561 750 1566 765 „

38 790 41 797 ¹
146 823 189 873 ex
205 799 248 872 iis
261 794 402 899 corfinio
418 794 612 871 Iudaeorum
629 794 743 889 notio,
758 792 863 869 multo
881 795 915 867 in
932 788 1114 894 diesfirbole
1130 785 1296 892 gisserets
1314 788 1448 894 fastum

29 896 31 903 ’
147 898 210 1002 est,
235 909 272 975 oi
293 914 362 978 eam
383 899 496 998 primo
516 898 595 993 illo,
620 921 718 1000 quom
736 920 759 969 a
774 894 872 986 Deo,
896 892 1146 999 eleariffimieque
1159 890 1342 996 majoribus
1355 918 1449 997 vacce·
1488 988 1491 995 ¹

38 1090 41 1095 ¹
138 1010 286 1111 peroret,
306 1003 446 1102 pietatis
467 1025 509 1076 oe
530 1000 698 1098 religionis
720 994 877 1096 institutio
895 993 1080 1090 debilitata,
1098 995 1262 1094 paulatim
1276 992 1447 1099 obteefitque
1482 998 1507 1049 '-

144 1102 311 1205 hebesceret
324 1116 356 1177 et
369 1095 760 1205 Aegyptiarumfitcietor
773 1110 804 1172 et
820 1100 1000 1174 colomario
1019 1121 1146 1191 rerum,
1171 1111 1268 1173 antea
1285 1099 1446 1175 revelato·

116 1246 120 1253 ·
143 1232 238 1303 ram,
268 1205 467 1281 multitudini
488 1202 709 1300 praevaleret,
741 1212 778 1274 ut
797 1203 919 1276 uirtute
929 1202 1047 1300 patrio
1065 1196 1219 1274 oblivioni
1231 1199 1381 1296 tradita,
1390 1201 1446 1302 ste

143 1308 391 1413 Aegyptiorum
411 1328 516 1378 mores
541 1326 580 1376 ae
594 1307 679 1385 ritus
690 1301 874 1398 induerent,
897 1315 935 1377 vt
949 1300 1031 1377 reileil
1046 1304 1131 1379 inter
1147 1296 1314 1404 mnusque
1324 1302 1446 1403 populi

1 1417 3 1421 ’
115 1408 233 1486 'vitoe
259 1431 365 1506 genas
394 1404 430 1479 eli
442 1406 585 1478 criminis
614 1404 683 1505 effe
701 1403 870 1481 videretur.
935 1403 1074 1501 Pompa
1099 1402 1288 1501 religionis
1312 1401 1445 1581 Aepy·

143 1515 303 1610 ptiacae,
339 1512 635 1605 ceremoniarum
656 1509 817 1602 vanitas,
851 1498 1013 1579 sensibus
1034 1502 1138 1603 uulgi
1162 1525 1360 1581 accommo
1386 1520 1443 1583 ata

137 1612 182 1686 'et
199 1607 433 1707 voluptatum
455 1604 634 1683 illecebris
653 1611 786 1702 amica,
811 1603 911 1682 sacili
931 1628 1045 1706 opera
1064 1618 1227 1704 gentem,
1242 1611 1315 1683 cui
1333 1632 1442 1685 mens

141 1705 319 1812 prosena,
358 1704 505 1784 indoles
531 1725 708 1808 proterva
741 1722 779 1784 et
806 1715 930 1786 nativa
955 1714 996 1784 in
1025 1703 1124 1782 idola
1153 1721 1190 1783 et
1220 1705 1443 1810 superstitio·

142 1834 233 1889 nem
253 1808 487 1913 proclivitas,
519 1808 653 1899 reliiio·
668 1824 813 1912 patrum
833 1808 941 1916 Deo,
974 1808 1021 1890 ad
1042 1805 1250 1891 stercoreas
1271 1812 1440 1924 abripere
1486 1877 1504 1885 ,.

39 1998 76 2025 5
140 1912 248 1996 Deos
261 1915 540 2019 Aegyptiorum
555 1924 770 2017 potuerunt.
945 1928 948 1935 “

727 2133 760 2242 s·
809 2162 863 2229 47·
1005 2130 1008 2135 ’

208 2280 436 2366 ,Gravissima
451 2288 546 2367 haec
564 2283 636 2367 elie
655 2284 789 2365 dicitur
803 2310 1012 2391 poenarum
1028 2284 1065 2365 se
1089 2290 1185 2386 uela,
1208 2310 1296 2365 cum
1311 2280 1441 2367 exsilio

64 2445 68 2452 -
141 2391 271 2489 populi
295 2392 513 2487 conjunita,
539 2417 619 2467 non
641 2416 661 2466 a
680 2387 854 2491 Deo‘ipl'r
874 2388 1047 2486 iniliiia,
1065 2312 1127 2467 led
1147 2391 1192 2466 ab
1212 2417 1260 2469 eo
1282 2386 1348 2467 sibi
1372 2384 1440 2492 ipfi

140 2483 335 2586 accersita,
364 2487 449 2566 sunt
471 2497 572 2567 enim
597 2498 799 2568 maximum
826 2497 866 2566 in
882 2490 1075 2568 Hebraeos
1103 2494 1176 2566 Dei
1200 2488 1438 2585 beneficium,
1522 2493 1527 2509 '

139 2588 243 2691 quod
263 2583 413 2677 seorsim
433 2597 519 2686 eos,
551 2591 595 2666 ab
616 2592 820 2667 idololatris
840 2597 970 2666 vivere
990 2592 1122 2691 vellet,
1155 2607 1374 2692 curaretque
1393 2608 1438 2667 vt

80 2706 83 2711 '
137 2715 262 2791 neque
284 2686 508 2787 occasione„
532 2716 604 2767 nec
627 2689 756 2766 fraude
783 2690 829 2766 ad
855 2690 1102 2768 idololatriam
1123 2691 1255 2768 adduci
1303 2689 1435 2789 ollem,
1463 2706 1469 2713 ’

138 2795 190 2860 isa
218 2789 466 2881 gravissimum
488 2788 592 2857 luisse
616 2789 834 2885 supplicium
863 2789 1051 2880 censetur,
1078 2792 1193 2891 ⁴quod
1223 2719 1346 2869 liitlliei
1368 2818 1439 2893 per

104 2968 109 2976 ,
139 2891 258 2961 varias
273 2899 403 2981 gentes
430 2904 661 2982 paganorum
690 2877 856 2981 dispersi,
887 2881 932 2962 ad
961 2906 1092 2959 eorum
1120 2891 1214 2961 ritus
1237 2886 1436 2988 suscipien-
1475 2906 1490 2917 ”

140 2984 210 3064 dos
230 2985 350 3088 pellici
367 2990 557 3085 potuerint
575 2985 648 3078 aa),
685 2982 851 3077 Verum,
878 2977 1110 3061 silevitatem
1130 2993 1251 3085 gentis
1266 2989 1435 3086 judaicae

53 3090 58 3097 '
139 3092 295 3189 ejusque
322 3109 448 3163 mores
473 3109 494 3161 a
520 3081 757 3186 scriptoribus
783 3081 891 3162 secus
913 3093 1116 3164 memoriae
1143 3087 1332 3189 proditos,
1363 3101 1435 3171 rite

115 3186 428 3293 perscrutemur,
458 3187 557 3263 nulla
585 3185 695 3263 nobis
721 3184 902 3287 supererit
929 3185 1117 3266 dubitandi
1147 3188 1265 3289 rati0,
1296 3192 1440 3298 disper.,

27 3342 31 3348 -
120 3289 280 3373 ¹sionem
304 3289 544 3387 Iudaeorum,
559 3359 563 3364 .
576 3314 656 3366 non
682 3284 752 3365 elie
782 3288 923 3366 causam
947 3288 1195 3392 idololatriae,
1234 3292 1296 3374 sed
1319 3298 1435 3400 hanc,

165 3388 366 3496 'perfionis
394 3398 576 3493 poenam,
612 3409 652 3473 et
674 3390 784 3493 hujus
791 3449 807 3495 2
845 3402 1129 3500 corruptionem
1156 3406 1295 3500 gentis,
1321 3426 1448 3506 quam·

136 3504 285 3597 merito,
310 3506 443 3603 poenis
460 3493 602 3575 licebat.
1292 3564 1296 3570 .
1422 3503 1426 3509 ’

994 3828 997 3833 ·
1107 3750 1134 3873 ss
1221 3768 1442 3893 succro

1 4126 31 4217 2⁴²·
83 4184 89 4193 -
121 4226 124 4231 ,
156 4148 191 4219 o
209 4106 346 4237 racia
368 4152 514 4239 aaziae.
537 4159 609 4228 un
625 4165 701 4263 vu.
728 4118 817 4256 ¹rap.
830 4175 862 4240 r.

137 4265 197 4341 '‘l)
219 4265 341 4334 Clariae
363 4276 608 4353 incoronatus.
630 4288 671 4355 in
692 4294 867 4359 Deutron.
896 4283 1067 4376 caput.
1101 4292 1188 4362 m·
1209 4269 1276 4341 «92
1289 4258 1350 4330 ³².-
1469 4272 1559 4333 r·-‘·
1598 4278 1602 4287 “
