3390 4476
136 310 139 315 .
235 310 278 385 ω
356 294 640 379 mmm,
691 310 1449 389 rroaaaurtuanvrraarvs.

812 493 846 589 §-
891 507 946 582 84·

312 628 405 707 Non
426 631 576 725 ignatus
600 620 701 720 sum,
736 636 866 700 contra
895 623 993 699 hanc
1024 620 1168 727 losephi
1196 624 1418 709 sententiam
1450 658 1540 719 non

238 732 331 809 nihil
355 727 490 806 adferri
510 726 554 803 ab
578 724 748 823 eruditis,
783 731 880 802 inter
901 749 998 827 quos
1018 725 1126 803 Mars
1126 730 1255 807 hamus
1277 734 1360 811 n'on
1386 732 1540 837 postte·
1621 790 1628 801 ‚

223 858 322 915 ‘mus
334 836 374 927 a)
398 854 509 931 quem
522 828 676 925 multae,
691 842 735 904 vt
751 824 859 923 dicit,
875 852 1011 929 eaeque
1028 835 1150 927 gravis
1164 842 1351 911 momenti
1366 845 1541 923 rationes
1618 904 1624 911 -

236 932 428 1035 alosepho
443 929 640 1028 discedere,
658 944 808 1029 cogunt.
834 932 984 1007 Summa
1001 954 1129 1007 earum
1142 934 1321 1012 haec'est:
1348 939 1475 1020 Multa
1489 945 1541 1029 de
1573 1030 1577 1035 ,

237 1034 440 1143 pastoribus
453 1030 565 1131 tradi,
590 1038 738 1133 quaein
758 1030 929 1111 israelitas
944 1055 1025 1109 non
1040 1033 1229 1133 quadrent
1246 1104 1249 1109 .
1282 1039 1337 1115 Hi
1349 1048 1454 1122 enim
1468 1072 1542 1125 ve-

237 1156 375 1219 nerunt
397 1159 556 1213 numero
579 1162 634 1227 70·
660 1130 823 1235 pallores
849 1153 973 1211 autem
992 1159 1150 1227 2400005
1192 1136 1373 1221 israelitae
1398 1148 1543 1229 manse·

237 1256 325 1321 runt
337 1236 525 1335 inGosen,
545 1234 707 1341 pastores
721 1235 952 1338 diripuerunt
966 1236 1194 1341 Memphim
1218 1240 1400 1326 israelitae
1415 1250 1544 1333 redie-
1638 1324 1642 1329 .

237 1358 326 1423 funt
371 1336 427 1417 oll
448 1364 569 1418 annos
590 1365 664 1435 215,
698 1336 861 1439 pallores
880 1360 962 1415 non
983 1336 1051 1415 nisr
1067 1338 1150 1442 post
1170 1366 1292 1425 annos
1315 1374 1376 1443 511.
1429 1352 1542 1435 lsrae-

236 1448 321 1523 litae
343 1368 517 1520 femme
544 1436 701 1543 oppressi
723 1438 825 1538 sunt,
855 1438 1019 1543 pallores
1050 1464 1254 1545 regnarunt
1277 1468 1351 1529 etc.
1428 1456 1538 1539 Haec

235 1552 429 1723 praecipua
443 1550 516 1621 viri
534 1542 668 1622 eruditi
679 1540 961 1621 suntmomenta
978 1542 1132 1667 Iosepho
1152 1547 1337 1652 opposita,
1355 1580 1467 1658 quae,
1488 1584 1538 1641 an

131 1666 134 1671 ’
236 1650 479 1830 'lpida
494 1644 1537 1842 qus?disllllss‘lllzrldsssnldlla{simili
1663 1698 1668 1703 ’

235 1778 422 1955 {xsculpat
450 1808 505 1946 θ’)
544 1848 812 1931 Schuksordius
838 1847 1000 1952 pallores
1028 1774 1205 1955 opirsatur
1233 1854 1306 1939 esse
1339 1788 1535 1944 Hortareaed:

235 1974 314 2037 ete
343 1958 536 2033 Diam'etro
569 1968 751 2058 repugnat
780 1960 927 2055 utrique
949 1954 1044 2053 Ἤ),
1086 1980 1221 2039 verum
1251 1962 1528 2043 Andabatanrm

234 2084 342 2137 more
360 2071 548 2162 pugnant,
572 2063 637 2158 qui
658 2073 847 2159 tempora,
872 2075 1001 2160 gentes
1021 2073 1058 2135 et
1072 2056 1188 2160 fasta,
1213 2086 1309 2165 quae
1322 2082 1404 2143 toto
1418 2068 1523 2145 eaelo

233 2160 428 2255 differunt,
453 2154 531 2233 fine
551 2158 684 2244 ordine
704 2169 743 2231 et
766 2156 972 2236 discrimine
993 2167 1091 2241 inter
1110 2158 1149 2240 se
1174 2164 1416 2247 confundunt
1443 2164 1449 2177 “

306 2461 344 2539 Sl
364 2455 506 2561 losephl
527 2473 692 2537 mentem
712 2328 870 2537 raelaia
895 2346 991 2557 sassa,
1015 2468 1203 2565 quiautor
1218 2461 1387 2549 nansrne
1494 2488 1522 2543 o

229 2562 311 2644 salis
336 2561 534 2665 legendus,
558 2586 639 2641 non
661 2560 708 2640 de
731 2485 937 2664 pastorissus
957 2562 1143 2667 Israelitis,
1167 2570 1231 2651 sed
1252 2571 1298 2649 de
1311 2570 1399 2667 Hyc
1413 2562 1526 2667 rsipsr
1681 2660 1687 2673 ι

230 2667 284 2747 est
310 2666 452 2763 senno,
479 2688 639 2765 quorum
669 2671 710 2742 in
737 2662 762 2741 s
795 2661 970 2769 scriptura
1001 2694 1050 2747 ex
1075 2672 1166 2771 resse
1194 2699 1274 2767 nun
1299 2668 1344 2740 fit
1365 2677 1523 2744 mentio.

229 2770 341 2869 Qrae
354 2768 528 2864 losephus
547 2765 593 2838 de
608 2765 677 2838 illis
688 2770 1037 2862 'commemoranter
1096 2766 1292 2846 anethdnis
1302 2761 1470 2843 Historia
1485 2783 1527 2846 et
1554 2812 1558 2819 ·

227 2874 413 2969 majorum
436 2861 693 2942 traditionibus
715 2859 852 2964 hausit,
878 2889 972 2967 quae
987 2866 1228 2959 Matslramus
1241 2892 1289 2948 ex
1306 2865 1527 2971 scripturas.
1570 2854 1579 2915 1

227 2992 418 3080 perperam
437 2964 599 3045 refutare
626 2981 794 3045 conatur.
849 2966 955 3068 Quid
969 2968 1103 3071 quaeso
1121 2967 1274 3076 Hycsrs,
1299 2968 1528 3067 uumPasio·

228 3075 330 3153 ribus
354 3062 541 3149 Israelitis?
591 3068 646 3146 Hi
670 3074 713 3146 in
732 3070 912 3173 Aegypto
928 3096 1055 3174 reges3
1087 3073 1145 3152 illi
1164 3074 1397 3179 Hospiteset
1415 3071 1533 3173 servi,

227 3180 280 3256 Hi
300 3192 384 3254 ante
398 3172 602 3251 Abrahami
619 3189 789 3275 tempora
809 3178 851 3261 iu
865 3172 1085 3277 Aegyptum
1105 3195 1310 3277 venerunt,
1335 3177 1387 3281 illi
1408 3178 1528 3279 longe

226 3278 311 3385 post
322 3279 389 3357 has
404 3300 489 3356 oras
505 3274 711 3354 salutarunt.
747 3276 800 3350 Hi
810 3281 903 3356 vivo
919 3277 1039 3357 adhuc
1053 3278 1528 3382 Abrahamo-emigtarunt',

225 3384 278 3461 illi
303 3379 388 3485 post
403 3382 518 3457 multa
531 3376 670 3458 saecula
682 3375 767 3455 sunt
780 3374 894 3461 secuti
908 3400 947 3459 et
986 3406 1054 3460 uae
1066 3380 1105 3459 id
1120 3406 1241 3485 genus
1253 3385 1340 3480 alia,
1363 3405 1459 3483 quae
1472 3389 1529 3466 ita

227 3482 432 3587 discrepant
455 3497 497 3562 vt
521 3488 588 3562 vix
607 3480 830 3581 intelligam,
860 3490 925 3588 qui
946 3406 991 3565 ad>
1012 3484 1164 3567 eruditis
1187 3483 1370 3565 confundi
1388 3499 1529 3586 potue·

226 3591 313 3663 rint.
361 3584 421 3662 Ne
441 3602 563 3685 autem
582 3585 665 3689 plus
694 3580 794 3683 justo
808 3587 964 3691 ¹longior
984 3584 1074 3691 sim,
1111 3610 1280 3675 mentem
1299 3612 1442 3688 meam,
1476 3588 1528 3670 de

224 3684 439 3792 Hycsorum
455 3694 605 3768 natione
623 3692 777 3797 propius
789 3699 959 3799 aperiam,
1106 3786 1109 3791 .
1404 3795 1429 3897 ς

256 3924 295 4002 0)
311 3927 351 3985 ln
373 3925 489 3987 Cenon.
505 3922 642 3989 carente.
678 3946 743 4016 pag.
768 3944 826 4001 103.

239 4010 299 4085 ⁴¹³)
315 4010 434 4073 Hsslon
454 4025 516 4077 vet.
532 4014 618 4083 Ten.
648 4020 714 4083 l’er.
738 4020 764 4085 1.
792 4018 869 4085 stu.
886 4021 943 4085 lli.
973 4038 1044 4107 pag.
1056 3984 1193 4101 adaia.¹
1225 4091 1235 4111 ἱ

158 4166 161 4171 ,
214 4092 516 4265 ,mazlaum
538 4100 645 4199 script.
680 4104 758 4177 sect.
795 4120 828 4173 et
862 4107 1012 4200 presan„a
1027 4102 1105 4171 vti.
1120 4106 1167 4166 ii.
1200 4092 1365 4159 numia.
1396 4106 1591 4241 pamm..-
