3390 4476
213 316 259 423 ’ω
313 360 444 443 sager.
471 356 527 419 11.
578 359 638 415 os
666 355 889 417 oreretur
924 358 1119 417 cvrrvs
1148 342 1444 460 suturarum
1568 384 1581 393 —

215 524 370 645 propter
402 544 571 641 gentium
602 552 639 617 et
673 537 822 618 urbium
848 534 1104 617 conditoribus
1143 538 1181 618 id
1205 541 1393 644 *religioni
1431 556 1526 645 erat,
1633 516 1643 529 ’

213 644 442 748 publicisque
462 642 604 744 legibus
629 648 775 739 caveri,
801 655 842 720 vt
857 642 959 719 utilia
979 643 1246 744 quovismodo
1272 645 1441 724 animalia
1461 672 1529 726 au·
1593 642 1598 647 ’

215 763 413 850 gerentur,
459 752 574 823 noxia
596 770 691 825 vero
717 752 814 824 extir
840 761 991 822 arentur
1025 763 1062 824 et
1084 743 1150 825 ista
1173 771 1204 824 e.
1219 770 1254 846 g.
1281 749 1528 851 ichneumon,

218 850 289 929 ibis
309 867 345 927 et
364 850 402 927 id
426 875 544 952 genus
566 849 692 948 bruta,
715 769 894 953 pestisbris
918 846 1077 948 infensa,
1102 849 1422 930 conservarentur.
1450 844 1535 936 *Vt

216 971 341 1040 autern
364 977 411 1031 eo
437 956 559 1052 major
585 953 712 1050 legum
734 961 793 1039 uis
820 967 858 1031 et
883 951 1061 1051 obligatio
1087 950 1207 1053 soret,
1239 970 1372 1034 mutuo
1392 982 1528 1059 regum

217 1078 257 1136 et
278 1055 511 1135 sacerdotum
531 1051 713 1155 'consili0,
747 1057 936 1154 religionis
959 1056 1111 1134 vinculo
1137 1083 1199 1138 eas
1220 1054 1324 1135 soille
1347 1069 1526 1164 munitas,
1662 1094 1665 1099 ·

143 1170 201 1263 ρ
216 1162 434 1265 populoque
474 1156 725 1254 inculcatum,
770 1161 836 1237 has
868 1156 1018 1257 bestias,
1063 1184 1158 1264 quae
1193 1161 1276 1259 Diis
1313 1168 1352 1240 in
1390 1163 1528 1249 delitiis

217 1261 351 1360 essent,
379 1254 456 1338 dne
480 1258 616 1339 scelere
640 1280 678 1345 et
699 1263 870 1345 Deorum
892 1259 1099 1361 gravissrma
1123 1263 1402 1367 indignatione,
1428 1274 1528 1350 male

216 1365 346 1444 haberi
368 1389 449 1441 non
471 1360 572 1468 polle
597 1382 667 1446 etc.
729 1366 1017 1472 Haecprimam
1043 1367 1163 1450 cultus
1192 1371 1408 1454 animalium
1437 1401 1527 1457 cau·
1610 1458 1614 1463 ,

215 1469 290 1555 sam
310 1467 416 1551 luisse
437 1468 632 1547 autumatss
712 1574 724 1589 ..
877 1560 920 1577 γ’
995 1517 998 1526 .

680 1666 683 1672 -
801 1601 831 1708 b
884 1626 934 1686 12.

292 1734 432 1817 Omnia
440 1736 538 1833 'haec
552 1751 658 1814 acute
674 1722 712 1815 e't
728 1761 907 1841 perquam
927 1738 1092 1846 apposite
1116 1742 1224 1846 dista,
1247 1771 1329 1828 non
1352 1747 1522 1830 diffiteor.

213 1840 284 1920 Ast
308 1867 388 1921 non
410 1840 503 1917 nihil
523 1837 671 1937 dubito,
692 1866 740 1918 an
760 1842 932 1922 vniversa
945 1845 1144 1952 Aegyptus
1164 1852 1344 1952 quaedam
1359 1863 1400 1934 in
1417 1883 1524 1936 com·

212 1970 328 2024 mune
350 1945 510 2022 coluerit
529 1945 715 2043 animalia,
743 1962 781 2040 et
798 1948 934 2035 vellem
954 1977 998 2029 ea
1021 1950 1255 2035 recensuisset
1278 1967 1337 2038 vir
1350 1957 1525 2041 summus.

211 2049 386 2146 Nullum,
415 2043 603 2149 quodscio
612 2108 624 2147 ,
640 2048 896 2157 hujuscultus
912 2064 1123 2136 communis
1137 2061 1232 2161 apud
1247 2081 1396 2143 veteres
1410 2065 1526 2144 eirstat

212 2152 448 2253 exemplum,
473 2158 601 2228 necin
619 2150 809 2251 Diodoro,
835 2155 1031 2235 Plutarcho
1049 2162 1201 2263 aliisque
1218 2167 1306 2263 quid
1323 2165 1439 2246 srmile
1456 2169 1524 2249 ob-

212 2264 319 2338 vium
342 2259 394 2354 ἢ.
419 2252 671 2334 Praeseslurae
687 2275 726 2334 et
739 2264 909 2338 civitates
928 2283 1010 2337 non
1020 2268 1140 2336 lunam
1159 2265 1390 2366 eandemque
1409 2272 1523 2350 babe-

209 2363 300 2444 bant
321 2361 519 2461 originem,
540 2354 590 2438 fic
605 2362 730 2463 neque
750 2360 879 2438 eadem
900 2361 1090 2458 animalia,
1118 2387 1212 2461 quae
1228 2382 1334 2442 erant
1348 2381 1522 2466 gentium
1570 2403 1594 2420 ··

206 2465 396 2583 symbola,
423 2463 633 2542 coluerunt.
685 2463 868 2540 Iuvenalis
891 2461 1040 2563 quidem
1055 2470 1174 2551 canit:
1198 2468 1334 2566 oppida
1357 2487 1438 2549 tota
1459 2500 1520 2550 ca-

208 2590 297 2657 nem
317 2562 639 2665 venerantumsed
658 2588 739 2642 non
761 2565 841 2662 alia,
867 2589 977 2665 quam
1002 2584 1096 2664 quae
1119 2562 1521 2673 dominio‘Cynopoli.
1654 2584 1661 2589 ’

208 2697 298 2758 tarro
314 2689 418 2754 erant
436 2668 596 2772 subjedla
611 2669 672 2746 vel
686 2664 841 2744 foedere
857 2666 993 2762 junda.
1026 2666 1218 2759 Parratio,
1246 2690 1314 2742 cur
1330 2671 1517 2768 Nilopoli7
1592 2754 1602 2765 ,-

206 2791 295 2883 tani,
308 2771 682 2887 Memphitae,·Helio
709 2767 850 2863 olitani,
864 2765 1150 2874 Hermuntbitae
1163 2767 1348 2844 coluerint
1360 2768 1517 2870 bovem,

198 2894 368 2994 ¹quorum
387 2890 509 2989 patres
534 2897 572 2956 et
592 2793 808 2954 consstorcs
829 2893 878 2944 ex
899 2859 999 2944 lsrdis
1022 2880 1058 2944 et
1073 2859 1230 2943 Osiridis
1249 2888 1390 2967 genere
1412 2891 1518 2953 erant

208 2992 367 3075 oriundi.
418 2987 477 3063 Ne
493 2978 642 3085 quidem
657 2985 669 3053 i
693 2972 731 3076 ,se
748 2965 868 3051 Osiris
892 2987 931 3047 et
946 2963 1028 3083 lsrs,
1043 2967 1324 3071 Aegyptiorum
1340 2975 1517 3069 Deorum

205 3104 405 3202 principes,
434 3115 481 3170 eo
504 3087 644 3187 dignati
659 3003 745 3161 sbnt
766 3078 937 3175 honore,
964 3088 1005 3176 vt
1019 3071 1065 3152 ab
1079 3071 1254 3187 omnibus
1267 3092 1388 3155 terrae
1403 3082 1516 3176 hujus

205 3192 337 3279 incolis
359 3207 398 3281 in
422 3184 633 3272 commune
648 3184 762 3266 essent
777 3179 880 3280 culti,
901 3195 944 3258 vt
967 3176 1013 3257 de
1032 3176 1265 3278 Papremitis,
1291 3179 1513 3281 Arsinoetis,

206 3299 376 3382 Phacusrs
393 3314 431 3379 et
443 3299 520 3376 aliis
537 3311 684 3375 notum.
720 3289 780 3366 Ne
798 3284 844 3365 de
856 3289 1060 3392 minorum,
1069 3286 1238 3389 gentium
1255 3283 1486 3401 Diisdlcam.
1600 3338 1603 3343 -

794 3459 827 3568 d,
884 3487 941 3556 13..

192 3596 197 3638 ⁷
282 3604 450 3693 ,Tantam
474 3605 565 3687 olim
586 3608 626 3680 in
647 3600 827 3702 Aegypto
847 3590 953 3674 fuisse
976 3597 1232 3696 iumentorum
1252 3593 1438 3697 inopiam,
1468 3608 1512 3672 vt
1564 3676 1571 3683 ,

208 3706 364 3807 incolis,
401 3708 640 3785 eaNuminis
662 3708 751 3807 loqo
773 3700 932 3800 habere,
970 3690 1234 3797 aregibussrt
1261 3711 1512 3799 praeceptum,
1597 3748 1600 3753 -

209 3832 320 3911 aegre
347 3837 367 3887 a
391 3837 450 3889 me
475 3817 657 3912 impetro,
683 3823 726 3884 ut
753 3805 914 3885 credam.
965 3800 1203 3900 Herodotus,
1236 3806 1397 3901 quinon
1417 3800 1514 3882 adeo

189 3911 371 4001 sslbracem
395 3910 590 4006 bestiarum
606 3911 825 4017 Aegyptum
846 3907 982 4009 refert,
1003 3905 1052 3985 ¹ad
1075 3931 1132 4007 ea,
1156 3913 1279 3984 nime
1299 3910 1430 4087 omnia¹
1444 3903 1514 3985 sal·
1577 3950 1581 3957 ,
1604 3968 1608 3973 .

510 4036 512 4040 ’
1151 4047 1161 4061 ’
1201 4026 1213 4032 ”
1374 4060 1376 4065 -
1432 4027 1515 4114 unt,
1583 4088 1595 4107 ,

143 4160 157 4273 ’ἢ
215 4179 256 4264 *⁹9
279 4186 394 4251 Strabo
408 4157 543 4279 'quidm
565 4194 630 4266 Lib.
654 4195 757 4279 XVII.
780 4156 828 4260 'id
852 4186 974 4272 innuli,
1006 4185 1058 4253 sed
1074 4160 1311 4263 summeqleb'u
1325 4177 1464 4266 deeeptus
1479 4201 1525 4279 -rts
1600 4246 1603 4251 ,
1686 4159 1692 4165 ⁸

144 4278 147 4285 ’
223 4270 401 4376 ᾙσισάοι.
423 4282 468 4348 de
480 4282 572 4352 ludis
589 4301 623 4355 et
636 4286 755 4361 ouria
781 4282 931 4369 tniuedo
954 4274 1049 4379 odeo.
1067 4266 1192 4376 Libii.
1209 4268 1248 4331 C.
1263 4278 1313 4339 *-
