3390 4476
223 330 486 444 sununs.
537 352 1384 442 'nrorroia'tit.r'v'oai1sostreae.
1431 384 1471 455 4⁷
1598 428 1603 437 .

171 587 266 668 pore
279 556 409 661 Mosrs,
430 567 471 639 in
486 558 547 639 Ae
591 652 597 659 ,
625 577 668 640 to
681 557 785 667 fuisse
799 573 942 660 notam,
966 565 1006 637 in
1022 574 1192 653 veterum
1208 554 1360 663 scriptis,
1380 583 1475 661 quae

172 665 281 745 avide
299 666 488 768 pervolui,
512 692 565 744 nu
594 672 601 686 '
630 670 643 740 i
670 668 828 744 invenio
855 680 893 742 et
915 688 1010 765 quae
1034 689 1055 741 a
1076 665 1244 741 chemiae
1271 661 1475 742 cultoribus
1551 752 1557 759 ,

31 864 34 869 Ι
172 769 244 867 hac
266 775 306 844 in
324 793 371 855 ,re
387 765 660 872 supponuntur,
691 764 865 868 suffragio
890 766 1140 846 destituuntur.
1170 762 1474 844 'Dorimasticarn
1512 832 1516 837 .
1555 779 1557 784 ·

77 968 80 973 1
171 870 387 1050 πιεῑῶζςεπι
404 870 617 976 Aegyptios
636 867 794 949 calluisse·
812 886 946 949 notum
958 869 1021 951 -est
1037 899 1091 961 ‚ex
1112 867 1286 948 Diodoro
1309 885 1347 948 et
1367 867 1472 968 Aga-

64 1026 82 1069 .·
173 972 365 1053 thare-ide
385 974 545 1074 Cnidio,
572 975 668 1076 apud
694 974 880 1053 Photium.
931 975 991 1050 De
1018 998 1130 1052 verae
1155 973 1332 1077 chemiae'
1346 966 1469 1049 studio
1539 1042 1544 1053 .

100 1122 103 1126 ·
136 1172 145 1181 ⁶
173 1078 529 1179 tii-operationibus,
556 1073 664 1153 silent
684 1099 817 1154 ornnes
830 1073 977 1178 probati
1001 1091 1171 1156 veterum
1194 1090 1354 1154 autores.
1402 1073 1471 1150 An

171 1182 283 1283 igitur
306 1178 434 1259 Moses
463 1177 576 1276 hujus
600 1184 707 1274 artis,
741 1180 835 1279 quae
858 1202 1003 1257 novum
1026 1177 1080 1256 est
1101 1185 1318 1275 inventum,
1358 1172 1472 1253 suerit

91 1308 94 1313 ·
170 1305 328 1383 gnarus,
354 1280 420 1356 sub
444 1281 571 1378 judice
589 1278 703 1358 lis'est
728 1296 767 1357 et
789 1279 1029 1380 quomodo,
1047 1346 1053 1356 .
1070 1281 1132 1358 vel
1152 1275 1308 1356 subfidio
1338 1301 1472 1356 aurum

81 1404 84 1409 ·
168 1384 385 1476 trasiauerit
399 1396 440 1456 et
461 1388 502 1459 in
528 1387 673 1458 cineres
702 1381 908 1482 redegerit,
943 1407 1004 1457 me
1032 1387 1205 1482 ignorare
1231 1378 1362 1459 fateor.
1407 1378 1469 1457 De

50 1481 58 1487 ’
100 1529 103 1533 -
169 1486 333 1585 vitulino
357 1485 480 1580 cultu,
507 1508 617 1585 quem
637 1482 832 1561 Ieroboarn
847 1481 1004 1565 infausto
1019 1490 1145 1559 omine
1164 1481 1405 1579 resuscitavit,
1432 1496 1471 1558 et

171 1584 218 1661 de
236 1586 372 1680 hircis,
405 1579 517 1687 'super
539 1610 634 1687 quos
653 1583 770 1662 sortes
793 1588 916 1681 iacere
938 1582 1076 1677 solebat
1104 1583 1266 1667 summus
1286 1582 1469 1683 sacerdos,

171 1702 256 1765 vter
278 1681 440 1764 cessurus
456 1683 544 1763 essct
563 1688 738 1782 Iehovae,
762 1701 846 1763 vter.
860 1688 1029 1787 Azazeli‚
1049 1682 1131 1765 non
1149 1686 1316 1790 estquod
1337 1686 1469 1763 dicarn.

169 1787 247 1873 Cui
271 1788 409 1892 volupe
438 1787 510 1889 esi,
548 1790 780 1867 eruditorum
805 1787 1019 1887 sententias,
1054 1792 1128 1868 hac
1153 1791 1200 1869 de
1231 1817 1273 1869 re
1298 1786 1468 1888 dissonas,
1522 1874 1525 1879 ,
1601 1816 1608 1825 ·
1687 1846 1690 1855 ·

169 1888 283 1988 scire,
319 1890 433 1987 legat·
447 1892 694 1990 Boenartum,
728 1890 948 1994 Sesdenum,
994 1896 1240 1998 Spencerum,
1278 1891 1469 1973 Clericunr
1677 1898 1681 1907 ’

170 1988 262 2068 Ant.
283 2017 370 2179 iclun⁸
388 1993 504 2097 Dale,
533 1995 725 2078 Buddeum
747 2010 816 2075 etc.
855 2023 1017 2105 quorum
1038 2022 1137 2081 unus
1164 1999 1313 2079 asterius
1336 1992 1474 2075 scrinia

170 2117 282 2200 comp
310 2109 398 2175 avit.

560 2282 1111 2435 suc-Troum..
1232 2290 1235 2295 ·
1382 2210 1391 2259 ”
1497 2401 1510 2426 ,

111 2630 118 2637 -
217 2674 222 2683 ,
325 2590 704 2674 ouounrrun
752 2503 991 2676 rsssnrrs
1041 2591 1324 2697 ouiocrn.

752 2762 784 2860 ὁ.
830 2774 888 2856 60,
1276 2852 1298 2865 X

126 2940 129 2945 -
174 2958 179 2963 .
251 2881 486 2960 Tralatitium
500 2883 571 2983 est,
596 2885 771 2983 ludaeos,
796 2900 940 2986 practer
953 2887 1039 2984 alia,
1064 2882 1194 2986 quib'us
1208 2890 1305 2966 hanc
1320 2904 1472 2986 gentem

175 2985 268 3063 oiim
290 2984 563 3086 prosciderunt,
587 2993 719 3088 pagani
740 2986 1027 3083 obtrectatores,
1052 2996 1244 3089 convicia,
1265 2991 1469 3078 onoiatriae

173 3083 256 3189 eise.
265 3084 462 3167 incusatos.
510 3087 725 3167 Architatus
739 3088 858 3188 hujus
872 3097 1090 3189 commenti,
1115 3088 1245 3194 Apion
1258 3089 1470 3197 grammati·
1586 3100 1591 3115 “

172 3213 242 3268 cus
263 3187 418 3293 dicitur,
444 3192 507 3299 qui
521 3197 562 3268 in
579 3189 675 3269 libro
697 3191 869 3271 adversus
892 3192 1066 3292 ludaeos,
1091 3197 1132 3270 in
1147 3196 1280 3299 vulgus
1299 3195 1468 3299 spargere

23 3336 26 3343 ·
103 3328 106 3333 ·
139 3332 144 3337 ·
169 3316 253 3371 non
272 3290 435 3391 erubuit,
469 3299 510 3369 in
532 3294 661 3395 tempii
684 3292 864 3374 Hierosoi.
885 3292 1042 3375 sacrario
1063 3290 1151 3373 afini
1170 3317 1279 3403 caput
1299 3325 1366 3379 eos
1386 3286 1467 3380 cos·

81 3400 95 3449 -'
146 3389 305 3474 ¹locasse
322 3410 361 3472 et
374 3395 463 3474 loco
478 3393 651 3475 Numinis
673 3394 834 3495 coluisse,
859 3395 972 3499 idque
992 3400 1238 3503 propalatum,
1263 3427 1350 3482 cum
1371 3419 1468 3483 tem-

167 3499 233 3601 plo
256 3497 467 3600 expoliato,
498 3496 715 3578 Antiochus
732 3502 938 3604 Epiphanes
965 3518 1074 3607 caput
1099 3504 1189 3584 illud
1210 3513 1251 3587 in
1273 3504 1468 3590 sensiuarii

170 3597 308 3707 adytis,
332 3627 381 3679 ex
401 3625 492 3681 auro
510 3598 757 3704 compositum
782 3606 979 3709 multisque
999 3615 1166 3710 pecuniis
1185 3609 1340 3712 dignum
1359 3621 1468 3695 inve·
1485 3688 1507 3729 ἱ

172 3700 345 3800 niiseti).
368 3703 469 3783 Paria
482 3702 663 3784 tradidisse
683 3704 816 3787 scimus
847 3736 895 3787 ex
920 3710 1028 3792 Svida
1048 3716 1102 3813 is)
1127 3715 1388 3800 Damocritum
1409 3723 1470 3801 hi·

170 3798 348 3886 storicum
372 3808 467 3908 4ΗΜ),
487 3825 524 3888 et
541 3809 733 3912 Zabidum,
758 3820 823 3914 qui
841 3839 927 3893 curn
939 3841 988 3894 cx
1000 3816 1168 3900 idumeae
1186 3822 1279 3903 vrbe
1299 3826 1407 3904 Dora
1423 3824 1477 3902 ad

171 3909 350 4013 templum
372 3910 545 4015 venisset,
568 3940 729 4009 ‚aureum
752 3917 807 4001 ibi
825 3918 1030 4023 cantherii
1048 3941 1169 4033 caput
1185 3925 1395 4005 deceatne
1405 3944 1522 4091 {si-gx

1526 4056 1549 4095 ‘b

180 4122 364 4272 ,21οῇ
383 4150 452 4217 ¹³5⁶·
464 4156 504 4255 Π·
530 4158 625 4229 Cflssi·
638 4168 810 4257 spicuam.
868 4220 871 4225 -
1028 4168 1104 4253 Q
1120 4172 1170 4232 in
1185 4183 1275 4232 note
1287 4150 1394 4217 hiet.

237 4234 383 4312 sums*
394 4238 594 4320 sfflfflstm·
615 4258 779 4350 Evangei.
798 4258 1025 4355 Proposws
1052 4281 1135 4347 paz,
1148 4273 1218 4323 tu.
