<?xml version="1.0" encoding="UTF-8"?>
<!DOCTYPE html PUBLIC "-//W3C//DTD XHTML 1.0 Transitional//EN"
    "http://www.w3.org/TR/xhtml1/DTD/xhtml1-transitional.dtd">
<html xmlns="http://www.w3.org/1999/xhtml" xml:lang="en" lang="en">
 <head>
  <title>
</title>
<meta http-equiv="Content-Type" content="text/html;charset=utf-8" />
  <meta name='ocr-system' content='tesseract 3.04.00' />
  <meta name='ocr-capabilities' content='ocr_page ocr_carea ocr_par ocr_line ocrx_word'/>
</head>
<body>
  <div class='ocr_page' id='page_1' title='image "./decultuanimaliu00schugoog_0059.png"; bbox 0 0 3390 4476; ppageno 0'>
   <div class='ocr_carea' id='block_1_1' title="bbox 266 359 1533 515">
    <p class='ocr_par' dir='ltr' id='par_1_1' title="bbox 266 359 1533 515">
     <span class='ocr_line' id='line_1_1' title="bbox 266 359 1533 515; baseline -0.006 -40"><span class='ocrx_word' id='word_1_1' title='bbox 266 410 404 477; x_wconf 81' lang='lat' dir='ltr'><strong>sacr.</strong></span> <span class='ocrx_word' id='word_1_2' title='bbox 432 409 530 515; x_wconf 65' lang='lat' dir='ltr'><strong>yur.</strong></span> <span class='ocrx_word' id='word_1_3' title='bbox 584 359 922 471; x_wconf 77' lang='lat' dir='ltr'><strong>o&#39;a-ortorrra.</strong></span> <span class='ocrx_word' id='word_1_4' title='bbox 947 406 1164 472; x_wconf 74' lang='lat' dir='ltr'><strong>rvnrats</strong></span> <span class='ocrx_word' id='word_1_5' title='bbox 1195 402 1430 501; x_wconf 66' lang='lat' dir='ltr'><strong>optarat.</strong></span> <span class='ocrx_word' id='word_1_6' title='bbox 1477 398 1533 501; x_wconf 71' lang='lat' dir='ltr'><strong>&#39;tls</strong></span> 
     </span>
    </p>
   </div>
   <div class='ocr_carea' id='block_1_2' title="bbox 137 582 1640 1014">
    <p class='ocr_par' dir='ltr' id='par_1_2' title="bbox 214 582 1515 698">
     <span class='ocr_line' id='line_1_2' title="bbox 214 582 1515 698; baseline 0.002 -24"><span class='ocrx_word' id='word_1_7' title='bbox 214 593 295 695; x_wconf 77' lang='lat' dir='ltr'><strong>sul,</strong></span> <span class='ocrx_word' id='word_1_8' title='bbox 332 612 411 673; x_wconf 91' lang='lat' dir='ltr'><strong>tum</strong></span> <span class='ocrx_word' id='word_1_9' title='bbox 440 582 623 673; x_wconf 74' lang='lat' dir='ltr'><strong>lectorum</strong></span> <span class='ocrx_word' id='word_1_10' title='bbox 653 591 795 692; x_wconf 91' lang='lat' dir='ltr'><strong>habita,</strong></span> <span class='ocrx_word' id='word_1_11' title='bbox 819 589 871 672; x_wconf 76' lang='lat' dir='ltr'><strong>,le</strong></span> <span class='ocrx_word' id='word_1_12' title='bbox 900 589 1094 672; x_wconf 70' lang='lat' dir='ltr'><strong>obstrictos</strong></span> <span class='ocrx_word' id='word_1_13' title='bbox 1108 590 1328 695; x_wconf 84' lang='lat' dir='ltr'><strong>lenierunt,</strong></span> <span class='ocrx_word' id='word_1_14' title='bbox 1361 584 1515 698; x_wconf 75' lang='lat' dir='ltr'><strong>uibar,</strong></span> 
     </span>
    </p>

    <p class='ocr_par' dir='ltr' id='par_1_3' title="bbox 218 695 1565 802">
     <span class='ocr_line' id='line_1_3' title="bbox 218 695 1565 802; baseline 0.001 -23"><span class='ocrx_word' id='word_1_15' title='bbox 218 700 283 779; x_wconf 85' lang='lat' dir='ltr'><strong>vel</strong></span> <span class='ocrx_word' id='word_1_16' title='bbox 303 700 381 777; x_wconf 87' lang='lat' dir='ltr'><strong>illas</strong></span> <span class='ocrx_word' id='word_1_17' title='bbox 404 723 476 798; x_wconf 86' lang='lat' dir='ltr'><strong>res,</strong></span> <span class='ocrx_word' id='word_1_18' title='bbox 499 698 652 795; x_wconf 83' lang='lat' dir='ltr'><strong>inuidia,</strong></span> <span class='ocrx_word' id='word_1_19' title='bbox 675 695 778 797; x_wconf 84' lang='lat' dir='ltr'><strong>odio,</strong></span> <span class='ocrx_word' id='word_1_20' title='bbox 803 713 907 774; x_wconf 87' lang='lat' dir='ltr'><strong>metu</strong></span> <span class='ocrx_word' id='word_1_21' title='bbox 925 695 990 773; x_wconf 89' lang='lat' dir='ltr'><strong>seu</strong></span> <span class='ocrx_word' id='word_1_22' title='bbox 1004 698 1183 800; x_wconf 84' lang='lat' dir='ltr'><strong>periculo</strong></span> <span class='ocrx_word' id='word_1_23' title='bbox 1200 700 1345 802; x_wconf 84' lang='lat' dir='ltr'><strong>plenas,</strong></span> <span class='ocrx_word' id='word_1_24' title='bbox 1372 695 1537 780; x_wconf 79' lang='lat' dir='ltr'><strong>silentio·</strong></span> <span class='ocrx_word' id='word_1_25' title='bbox 1560 770 1565 779; x_wconf 93' lang='grc'><em>,</em></span> 
     </span>
    </p>

    <p class='ocr_par' dir='ltr' id='par_1_4' title="bbox 137 799 1640 1014">
     <span class='ocr_line' id='line_1_4' title="bbox 219 799 1640 907; baseline 0.006 -29"><span class='ocrx_word' id='word_1_26' title='bbox 219 802 482 904; x_wconf 80' lang='lat' dir='ltr'><strong>involuerent,</strong></span> <span class='ocrx_word' id='word_1_27' title='bbox 506 805 739 902; x_wconf 76' lang='lat' dir='ltr'><strong>volcarum,</strong></span> <span class='ocrx_word' id='word_1_28' title='bbox 765 824 856 906; x_wconf 89' lang='lat' dir='ltr'><strong>quas</strong></span> <span class='ocrx_word' id='word_1_29' title='bbox 877 799 1065 902; x_wconf 74' lang='lat' dir='ltr'><strong>releuant,</strong></span> <span class='ocrx_word' id='word_1_30' title='bbox 1091 818 1212 907; x_wconf 88' lang='lat' dir='ltr'><strong>partes</strong></span> <span class='ocrx_word' id='word_1_31' title='bbox 1230 818 1269 882; x_wconf 90' lang='lat' dir='ltr'><strong>et</strong></span> <span class='ocrx_word' id='word_1_32' title='bbox 1283 801 1538 885; x_wconf 58' lang='lat' dir='ltr'><strong>circumibam-¹</strong></span> <span class='ocrx_word' id='word_1_33' title='bbox 1628 845 1640 855; x_wconf 54' lang='lat'><strong>·&lt;</strong></span> 
     </span>
     <span class='ocr_line' id='line_1_5' title="bbox 137 908 723 1014; baseline -0.002 -30"><span class='ocrx_word' id='word_1_34' title='bbox 137 930 140 934; x_wconf 88' lang='lat'>·</span> <span class='ocrx_word' id='word_1_35' title='bbox 220 912 289 1011; x_wconf 84' lang='lat' dir='ltr'><strong>tias</strong></span> <span class='ocrx_word' id='word_1_36' title='bbox 306 908 442 1012; x_wconf 81' lang='lat' dir='ltr'><strong>aliquot</strong></span> <span class='ocrx_word' id='word_1_37' title='bbox 470 912 723 1014; x_wconf 89' lang='lat' dir='ltr'><strong>praeterirent.</strong></span> 
     </span>
    </p>
   </div>
   <div class='ocr_carea' id='block_1_3' title="bbox 707 1052 1687 1164">
    <p class='ocr_par' dir='ltr' id='par_1_5' title="bbox 707 1052 1687 1164">
     <span class='ocr_line' id='line_1_6' title="bbox 707 1052 1687 1164; baseline 0 -30"><span class='ocrx_word' id='word_1_38' title='bbox 707 1144 709 1149; x_wconf 53' lang='grc'>,</span> <span class='ocrx_word' id='word_1_39' title='bbox 795 1052 827 1164; x_wconf 79' lang='lat'><strong>§.</strong></span> <span class='ocrx_word' id='word_1_40' title='bbox 884 1065 941 1134; x_wconf 85' lang='lat'><strong>66.</strong></span> <span class='ocrx_word' id='word_1_41' title='bbox 1454 1089 1466 1097; x_wconf 81' lang='grc'><strong>--</strong></span> <span class='ocrx_word' id='word_1_42' title='bbox 1547 1074 1591 1135; x_wconf 66' lang='lat' dir='ltr'><strong>u</strong></span> <span class='ocrx_word' id='word_1_43' title='bbox 1683 1126 1687 1134; x_wconf 90' lang='lat'>.</span> 
     </span>
    </p>
   </div>
   <div class='ocr_carea' id='block_1_4' title="bbox 14 1184 1669 3013">
    <p class='ocr_par' dir='ltr' id='par_1_6' title="bbox 14 1184 1536 1604">
     <span class='ocr_line' id='line_1_7' title="bbox 14 1184 1536 1296; baseline -0.003 -21"><span class='ocrx_word' id='word_1_44' title='bbox 14 1246 19 1255; x_wconf 87' lang='lat'>-</span> <span class='ocrx_word' id='word_1_45' title='bbox 49 1196 53 1261; x_wconf 82' lang='lat' dir='ltr'><strong>j</strong></span> <span class='ocrx_word' id='word_1_46' title='bbox 119 1209 122 1213; x_wconf 82' lang='grc'><strong>“</strong></span> <span class='ocrx_word' id='word_1_47' title='bbox 295 1189 412 1277; x_wconf 88' lang='lat' dir='ltr'><strong>Suafit</strong></span> <span class='ocrx_word' id='word_1_48' title='bbox 430 1195 468 1275; x_wconf 92' lang='lat' dir='ltr'><strong>id</strong></span> <span class='ocrx_word' id='word_1_49' title='bbox 483 1193 621 1294; x_wconf 86' lang='lat' dir='ltr'><strong>vblque</strong></span> <span class='ocrx_word' id='word_1_50' title='bbox 634 1191 832 1296; x_wconf 85' lang='lat' dir='ltr'><strong>prudentia</strong></span> <span class='ocrx_word' id='word_1_51' title='bbox 847 1189 1099 1292; x_wconf 86' lang='lat' dir='ltr'><strong>scriptoribus,</strong></span> <span class='ocrx_word' id='word_1_52' title='bbox 1125 1196 1203 1295; x_wconf 90' lang='lat' dir='ltr'><strong>qul,</strong></span> <span class='ocrx_word' id='word_1_53' title='bbox 1219 1184 1248 1268; x_wconf 87' lang='lat' dir='ltr'>fi</span> <span class='ocrx_word' id='word_1_54' title='bbox 1263 1186 1341 1269; x_wconf 86' lang='lat' dir='ltr'><strong>fine</strong></span> <span class='ocrx_word' id='word_1_55' title='bbox 1354 1188 1536 1294; x_wconf 84' lang='lat' dir='ltr'><strong>periculo</strong></span> 
     </span>
     <span class='ocr_line' id='line_1_8' title="bbox 219 1293 1523 1394; baseline -0.005 -15"><span class='ocrx_word' id='word_1_56' title='bbox 219 1308 350 1393; x_wconf 82' lang='lat' dir='ltr'><strong>omnia</strong></span> <span class='ocrx_word' id='word_1_57' title='bbox 372 1296 496 1381; x_wconf 79' lang='lat' dir='ltr'>dicere</span> <span class='ocrx_word' id='word_1_58' title='bbox 524 1322 606 1376; x_wconf 89' lang='lat' dir='ltr'><strong>non</strong></span> <span class='ocrx_word' id='word_1_59' title='bbox 631 1297 833 1394; x_wconf 81' lang='lat' dir='ltr'><strong>audebant,</strong></span> <span class='ocrx_word' id='word_1_60' title='bbox 858 1293 965 1373; x_wconf 84' lang='lat' dir='ltr'><strong>satius</strong></span> <span class='ocrx_word' id='word_1_61' title='bbox 990 1318 1032 1372; x_wconf 90' lang='lat' dir='ltr'><strong>ea</strong></span> <span class='ocrx_word' id='word_1_62' title='bbox 1055 1301 1226 1373; x_wconf 89' lang='lat' dir='ltr'><strong>omittere</strong></span> <span class='ocrx_word' id='word_1_63' title='bbox 1246 1295 1523 1374; x_wconf 79' lang='lat' dir='ltr'><strong>arbitrabantur.</strong></span> 
     </span>
     <span class='ocr_line' id='line_1_9' title="bbox 217 1395 1523 1501; baseline 0.001 -24"><span class='ocrx_word' id='word_1_64' title='bbox 217 1402 377 1480; x_wconf 88' lang='lat' dir='ltr'><strong>Tacitus</strong></span> <span class='ocrx_word' id='word_1_65' title='bbox 395 1408 558 1501; x_wconf 86' lang='lat' dir='ltr'><strong>ingenue</strong></span> <span class='ocrx_word' id='word_1_66' title='bbox 575 1396 727 1495; x_wconf 81' lang='lat' dir='ltr'><strong>fatetur,</strong></span> <span class='ocrx_word' id='word_1_67' title='bbox 752 1397 790 1474; x_wconf 90' lang='lat' dir='ltr'><strong>se</strong></span> <span class='ocrx_word' id='word_1_68' title='bbox 814 1420 895 1474; x_wconf 92' lang='lat' dir='ltr'><strong>non</strong></span> <span class='ocrx_word' id='word_1_69' title='bbox 912 1404 1106 1499; x_wconf 86' lang='lat' dir='ltr'><strong>ignorare,</strong></span> <span class='ocrx_word' id='word_1_70' title='bbox 1130 1424 1151 1476; x_wconf 92' lang='lat' dir='ltr'><strong>a</strong></span> <span class='ocrx_word' id='word_1_71' title='bbox 1171 1395 1353 1499; x_wconf 88' lang='lat' dir='ltr'><strong>plerisque</strong></span> <span class='ocrx_word' id='word_1_72' title='bbox 1367 1396 1523 1500; x_wconf 87' lang='lat' dir='ltr'><strong>scripto·</strong></span> 
     </span>
     <span class='ocr_line' id='line_1_10' title="bbox 217 1495 1523 1604; baseline 0.001 -27"><span class='ocrx_word' id='word_1_73' title='bbox 217 1504 322 1583; x_wconf 90' lang='lat' dir='ltr'><strong>ribus</strong></span> <span class='ocrx_word' id='word_1_74' title='bbox 335 1502 468 1600; x_wconf 90' lang='lat' dir='ltr'><strong>multa,</strong></span> <span class='ocrx_word' id='word_1_75' title='bbox 496 1525 590 1603; x_wconf 89' lang='lat' dir='ltr'><strong>quae</strong></span> <span class='ocrx_word' id='word_1_76' title='bbox 605 1503 665 1579; x_wconf 89' lang='lat' dir='ltr'><strong>vel</strong></span> <span class='ocrx_word' id='word_1_77' title='bbox 680 1501 730 1597; x_wconf 91' lang='lat' dir='ltr'><strong>ob</strong></span> <span class='ocrx_word' id='word_1_78' title='bbox 746 1506 892 1604; x_wconf 88' lang='lat' dir='ltr'><strong>copiam</strong></span> <span class='ocrx_word' id='word_1_79' title='bbox 906 1495 990 1603; x_wconf 81' lang='lat' dir='ltr'><strong>ipsis</strong></span> <span class='ocrx_word' id='word_1_80' title='bbox 1005 1506 1138 1599; x_wconf 85' lang='lat' dir='ltr'><strong>nimia,</strong></span> <span class='ocrx_word' id='word_1_81' title='bbox 1165 1501 1226 1577; x_wconf 92' lang='lat' dir='ltr'><strong>vel</strong></span> <span class='ocrx_word' id='word_1_82' title='bbox 1239 1499 1290 1578; x_wconf 93' lang='lat' dir='ltr'><strong>ob</strong></span> <span class='ocrx_word' id='word_1_83' title='bbox 1302 1498 1523 1602; x_wconf 85' lang='lat' dir='ltr'><strong>casuslugu·</strong></span> 
     </span>
    </p>

    <p class='ocr_par' dir='ltr' id='par_1_7' title="bbox 62 1599 1669 3013">
     <span class='ocr_line' id='line_1_11' title="bbox 82 1599 1523 1708; baseline -0.001 -29"><span class='ocrx_word' id='word_1_84' title='bbox 82 1692 84 1697; x_wconf 68' lang='lat'><strong>,</strong></span> <span class='ocrx_word' id='word_1_85' title='bbox 218 1600 304 1682; x_wconf 90' lang='lat' dir='ltr'><strong>bres</strong></span> <span class='ocrx_word' id='word_1_86' title='bbox 325 1601 462 1682; x_wconf 87' lang='lat' dir='ltr'><strong>maesta</strong></span> <span class='ocrx_word' id='word_1_87' title='bbox 474 1602 640 1702; x_wconf 87' lang='lat' dir='ltr'><strong>fuerunt,</strong></span> <span class='ocrx_word' id='word_1_88' title='bbox 658 1599 799 1700; x_wconf 81' lang='lat' dir='ltr'><strong>o&#39;miffa,</strong></span> <span class='ocrx_word' id='word_1_89' title='bbox 820 1626 870 1679; x_wconf 90' lang='lat' dir='ltr'><strong>ne</strong></span> <span class='ocrx_word' id='word_1_90' title='bbox 883 1600 1041 1689; x_wconf 67' lang='lat' dir='ltr'><strong>ledores</strong></span> <span class='ocrx_word' id='word_1_91' title='bbox 1058 1608 1136 1708; x_wconf 73' lang='lat' dir='ltr'><strong>pail</strong></span> <span class='ocrx_word' id='word_1_92' title='bbox 1151 1601 1241 1682; x_wconf 91' lang='lat' dir='ltr'><strong>odio</strong></span> <span class='ocrx_word' id='word_1_93' title='bbox 1254 1599 1457 1681; x_wconf 88' lang='lat' dir='ltr'><strong>adficerent</strong></span> <span class='ocrx_word' id='word_1_94' title='bbox 1470 1602 1523 1698; x_wconf 60' lang='grc'><strong>1’-).</strong></span> 
     </span>
     <span class='ocr_line' id='line_1_12' title="bbox 218 1703 1630 1810; baseline 0.001 -28"><span class='ocrx_word' id='word_1_95' title='bbox 218 1703 314 1783; x_wconf 88' lang='lat' dir='ltr'><strong>Rara</strong></span> <span class='ocrx_word' id='word_1_96' title='bbox 334 1723 546 1810; x_wconf 88' lang='lat' dir='ltr'><strong>temporum</strong></span> <span class='ocrx_word' id='word_1_97' title='bbox 568 1703 761 1805; x_wconf 82' lang='lat' dir='ltr'><strong>felicitate,</strong></span> <span class='ocrx_word' id='word_1_98' title='bbox 787 1705 852 1783; x_wconf 91' lang='lat' dir='ltr'><strong>vbi</strong></span> <span class='ocrx_word' id='word_1_99' title='bbox 870 1703 1004 1783; x_wconf 88' lang='lat' dir='ltr'><strong>sentire</strong></span> <span class='ocrx_word' id='word_1_100' title='bbox 1026 1732 1120 1809; x_wconf 86' lang='lat' dir='ltr'><strong>quae</strong></span> <span class='ocrx_word' id='word_1_101' title='bbox 1140 1707 1258 1804; x_wconf 89' lang='lat' dir='ltr'><strong>velis,</strong></span> <span class='ocrx_word' id='word_1_102' title='bbox 1284 1706 1524 1809; x_wconf 81' lang='lat' dir='ltr'><strong>etquaesen-</strong></span> <span class='ocrx_word' id='word_1_103' title='bbox 1625 1800 1630 1807; x_wconf 24' lang='grc' dir='ltr'>Ι</span> 
     </span>
     <span class='ocr_line' id='line_1_13' title="bbox 217 1807 1566 1912; baseline 0.001 -25"><span class='ocrx_word' id='word_1_104' title='bbox 217 1814 311 1908; x_wconf 90' lang='lat' dir='ltr'><strong>tias,</strong></span> <span class='ocrx_word' id='word_1_105' title='bbox 351 1809 473 1888; x_wconf 89' lang='lat' dir='ltr'><strong>dicere</strong></span> <span class='ocrx_word' id='word_1_106' title='bbox 493 1811 590 1888; x_wconf 88' lang='lat' dir='ltr'><strong>lieet.</strong></span> <span class='ocrx_word' id='word_1_107' title='bbox 656 1812 801 1895; x_wconf 86' lang='lat' dir='ltr'><strong>Veritas</strong></span> <span class='ocrx_word' id='word_1_108' title='bbox 820 1808 987 1912; x_wconf 89' lang='lat' dir='ltr'><strong>pluribus</strong></span> <span class='ocrx_word' id='word_1_109' title='bbox 1005 1808 1128 1889; x_wconf 89' lang='lat' dir='ltr'><strong>modis</strong></span> <span class='ocrx_word' id='word_1_110' title='bbox 1149 1807 1327 1909; x_wconf 74' lang='lat' dir='ltr'><strong>infratla,</strong></span> <span class='ocrx_word' id='word_1_111' title='bbox 1368 1810 1523 1911; x_wconf 80' lang='lat' dir='ltr'><strong>libidine</strong></span> <span class='ocrx_word' id='word_1_112' title='bbox 1563 1871 1566 1875; x_wconf 79' lang='lat'><em>-</em></span> 
     </span>
     <span class='ocr_line' id='line_1_14' title="bbox 218 1908 1523 2015; baseline 0.005 -28"><span class='ocrx_word' id='word_1_113' title='bbox 218 1908 441 2013; x_wconf 57' lang='lat' dir='ltr'><strong>adsentandi,</strong></span> <span class='ocrx_word' id='word_1_114' title='bbox 464 1930 530 2001; x_wconf 89' lang='lat' dir='ltr'><strong>aut</strong></span> <span class='ocrx_word' id='word_1_115' title='bbox 550 1912 672 1993; x_wconf 85' lang='lat' dir='ltr'><strong>rursus</strong></span> <span class='ocrx_word' id='word_1_116' title='bbox 703 1913 795 1992; x_wconf 94' lang='lat' dir='ltr'><strong>odio</strong></span> <span class='ocrx_word' id='word_1_117' title='bbox 815 1911 987 2015; x_wconf 77' lang='lat' dir='ltr'><strong>aduersus</strong></span> <span class='ocrx_word' id='word_1_118' title='bbox 1008 1914 1282 2013; x_wconf 88' lang='lat' dir='ltr'><strong>Dominantes,</strong></span> <span class='ocrx_word' id='word_1_119' title='bbox 1307 1919 1360 1993; x_wconf 86' lang='lat' dir='ltr'><strong>ita</strong></span> <span class='ocrx_word' id='word_1_120' title='bbox 1381 1922 1523 1997; x_wconf 81' lang='lat' dir='ltr'><strong>neutris</strong></span> 
     </span>
     <span class='ocr_line' id='line_1_15' title="bbox 218 2015 1522 2121; baseline 0.003 -30"><span class='ocrx_word' id='word_1_121' title='bbox 218 2036 310 2092; x_wconf 88' lang='lat' dir='ltr'><strong>cura</strong></span> <span class='ocrx_word' id='word_1_122' title='bbox 328 2015 571 2121; x_wconf 82' lang='lat' dir='ltr'><strong>posteritatis,</strong></span> <span class='ocrx_word' id='word_1_123' title='bbox 613 2024 711 2096; x_wconf 90' lang='lat' dir='ltr'><strong>inter</strong></span> <span class='ocrx_word' id='word_1_124' title='bbox 731 2015 918 2115; x_wconf 90' lang='lat' dir='ltr'><strong>infensos,</strong></span> <span class='ocrx_word' id='word_1_125' title='bbox 958 2020 1020 2096; x_wconf 87' lang='lat' dir='ltr'><strong>vel</strong></span> <span class='ocrx_word' id='word_1_126' title='bbox 1039 2017 1245 2096; x_wconf 88' lang='lat' dir='ltr'><strong>obnoxios:</strong></span> <span class='ocrx_word' id='word_1_127' title='bbox 1287 2016 1522 2119; x_wconf 75' lang='lat' dir='ltr'><strong>obtrectatio,</strong></span> 
     </span>
     <span class='ocr_line' id='line_1_16' title="bbox 218 2118 1525 2225; baseline 0.001 -29"><span class='ocrx_word' id='word_1_128' title='bbox 218 2119 282 2196; x_wconf 85' lang='lat' dir='ltr'><strong>vel</strong></span> <span class='ocrx_word' id='word_1_129' title='bbox 305 2119 423 2217; x_wconf 90' lang='lat' dir='ltr'><strong>livor,</strong></span> <span class='ocrx_word' id='word_1_130' title='bbox 448 2128 579 2225; x_wconf 88' lang='lat' dir='ltr'><strong>pronis</strong></span> <span class='ocrx_word' id='word_1_131' title='bbox 599 2121 747 2201; x_wconf 84' lang='lat' dir='ltr'><strong>auribus</strong></span> <span class='ocrx_word' id='word_1_132' title='bbox 771 2128 1019 2224; x_wconf 88' lang='lat' dir='ltr'><strong>accipiuntur:</strong></span> <span class='ocrx_word' id='word_1_133' title='bbox 1046 2122 1201 2223; x_wconf 83' lang='lat' dir='ltr'><strong>Quippe</strong></span> <span class='ocrx_word' id='word_1_134' title='bbox 1222 2118 1425 2198; x_wconf 88' lang='lat' dir='ltr'><strong>adolationi</strong></span> <span class='ocrx_word' id='word_1_135' title='bbox 1446 2120 1525 2198; x_wconf 84' lang='lat' dir='ltr'><strong>fae·</strong></span> 
     </span>
     <span class='ocr_line' id='line_1_17' title="bbox 205 2221 1523 2324; baseline 0.001 -24"><span class='ocrx_word' id='word_1_136' title='bbox 205 2221 310 2301; x_wconf 80' lang='lat' dir='ltr'><strong>&#39;dum</strong></span> <span class='ocrx_word' id='word_1_137' title='bbox 333 2231 499 2324; x_wconf 84' lang='lat' dir='ltr'><strong>crimen,</strong></span> <span class='ocrx_word' id='word_1_138' title='bbox 523 2222 847 2324; x_wconf 78' lang='lat' dir='ltr'><strong>malignitatifalsa</strong></span> <span class='ocrx_word' id='word_1_139' title='bbox 867 2222 1003 2323; x_wconf 86' lang='lat' dir='ltr'><strong>species</strong></span> <span class='ocrx_word' id='word_1_140' title='bbox 1024 2222 1201 2300; x_wconf 83' lang='lat' dir='ltr'><strong>libertatis</strong></span> <span class='ocrx_word' id='word_1_141' title='bbox 1222 2221 1317 2301; x_wconf 89' lang='lat' dir='ltr'><strong>inest</strong></span> <span class='ocrx_word' id='word_1_142' title='bbox 1337 2224 1410 2322; x_wconf 38' lang='lat' dir='ltr'><strong>aa).</strong></span> <span class='ocrx_word' id='word_1_143' title='bbox 1462 2224 1523 2302; x_wconf 91' lang='lat' dir='ltr'><strong>De</strong></span> 
     </span>
     <span class='ocr_line' id='line_1_18' title="bbox 217 2323 1669 2427; baseline 0.001 -26"><span class='ocrx_word' id='word_1_144' title='bbox 217 2323 578 2427; x_wconf 77' lang='lat' dir='ltr'><strong>VellejoPaterculo</strong></span> <span class='ocrx_word' id='word_1_145' title='bbox 597 2337 637 2405; x_wconf 92' lang='lat' dir='ltr'><strong>in</strong></span> <span class='ocrx_word' id='word_1_146' title='bbox 658 2325 809 2404; x_wconf 89' lang='lat' dir='ltr'><strong>historia</strong></span> <span class='ocrx_word' id='word_1_147' title='bbox 823 2325 989 2422; x_wconf 84' lang='lat' dir='ltr'><strong>Tiberii,</strong></span> <span class='ocrx_word' id='word_1_148' title='bbox 1017 2328 1081 2405; x_wconf 92' lang='lat' dir='ltr'><strong>vbi</strong></span> <span class='ocrx_word' id='word_1_149' title='bbox 1097 2325 1267 2426; x_wconf 89' lang='lat' dir='ltr'><strong>placendi</strong></span> <span class='ocrx_word' id='word_1_150' title='bbox 1288 2323 1408 2405; x_wconf 88' lang='lat' dir='ltr'><strong>studio</strong></span> <span class='ocrx_word' id='word_1_151' title='bbox 1425 2334 1537 2403; x_wconf 79' lang='lat' dir='ltr'><strong>veri-z</strong></span> <span class='ocrx_word' id='word_1_152' title='bbox 1664 2348 1669 2355; x_wconf 84' lang='grc'>’</span> 
     </span>
     <span class='ocr_line' id='line_1_19' title="bbox 62 2424 1552 2529; baseline 0.003 -25"><span class='ocrx_word' id='word_1_153' title='bbox 62 2510 80 2519; x_wconf 50' lang='grc'><strong>,,</strong></span> <span class='ocrx_word' id='word_1_154' title='bbox 113 2468 122 2479; x_wconf 91' lang='lat'><strong>··</strong></span> <span class='ocrx_word' id='word_1_155' title='bbox 213 2433 298 2505; x_wconf 88' lang='lat' dir='ltr'><strong>tatis</strong></span> <span class='ocrx_word' id='word_1_156' title='bbox 314 2436 533 2520; x_wconf 80' lang='lat' dir='ltr'><strong>immemor3</strong></span> <span class='ocrx_word' id='word_1_157' title='bbox 558 2427 604 2504; x_wconf 92' lang='lat' dir='ltr'><strong>de</strong></span> <span class='ocrx_word' id='word_1_158' title='bbox 621 2428 768 2525; x_wconf 88' lang='lat' dir='ltr'><strong>Curtio,</strong></span> <span class='ocrx_word' id='word_1_159' title='bbox 795 2435 859 2529; x_wconf 91' lang='lat' dir='ltr'><strong>qui</strong></span> <span class='ocrx_word' id='word_1_160' title='bbox 873 2434 914 2503; x_wconf 94' lang='lat' dir='ltr'><strong>in</strong></span> <span class='ocrx_word' id='word_1_161' title='bbox 929 2427 1017 2506; x_wconf 75' lang='lat' dir='ltr'><strong>ediis</strong></span> <span class='ocrx_word' id='word_1_162' title='bbox 1030 2424 1236 2504; x_wconf 81' lang='lat' dir='ltr'><strong>Alexandri</strong></span> <span class='ocrx_word' id='word_1_163' title='bbox 1250 2428 1381 2525; x_wconf 79' lang='lat' dir='ltr'><strong>Magni</strong></span> <span class='ocrx_word' id='word_1_164' title='bbox 1395 2447 1523 2527; x_wconf 84' lang='lat' dir='ltr'><strong>poeta·</strong></span> <span class='ocrx_word' id='word_1_165' title='bbox 1549 2504 1552 2509; x_wconf 77' lang='grc'>,</span> 
     </span>
     <span class='ocr_line' id='line_1_20' title="bbox 181 2524 1536 2627; baseline -0.002 -16"><span class='ocrx_word' id='word_1_166' title='bbox 181 2552 301 2611; x_wconf 86' lang='lat' dir='ltr'><strong>¹tum</strong></span> <span class='ocrx_word' id='word_1_167' title='bbox 327 2544 366 2608; x_wconf 82' lang='lat' dir='ltr'><strong>ct</strong></span> <span class='ocrx_word' id='word_1_168' title='bbox 391 2528 605 2609; x_wconf 83' lang='lat' dir='ltr'><strong>Rhetorum·</strong></span> <span class='ocrx_word' id='word_1_169' title='bbox 629 2531 817 2607; x_wconf 86' lang='lat' dir='ltr'><strong>licentiam</strong></span> <span class='ocrx_word' id='word_1_170' title='bbox 846 2535 980 2627; x_wconf 80' lang='lat' dir='ltr'><strong>magis,</strong></span> <span class='ocrx_word' id='word_1_171' title='bbox 1030 2552 1141 2627; x_wconf 89' lang='lat' dir='ltr'><strong>quam</strong></span> <span class='ocrx_word' id='word_1_172' title='bbox 1166 2524 1280 2606; x_wconf 88' lang='lat' dir='ltr'><strong>fidem</strong></span> <span class='ocrx_word' id='word_1_173' title='bbox 1311 2526 1536 2608; x_wconf 86' lang='lat' dir='ltr'><strong>historicam¹</strong></span> 
     </span>
     <span class='ocr_line' id='line_1_21' title="bbox 118 2626 1527 2735; baseline 0.001 -26"><span class='ocrx_word' id='word_1_174' title='bbox 118 2626 129 2645; x_wconf 83' lang='lat'><strong><em>&#39;</em></strong></span> <span class='ocrx_word' id='word_1_175' title='bbox 215 2635 376 2711; x_wconf 87' lang='lat' dir='ltr'><strong>imitatus</strong></span> <span class='ocrx_word' id='word_1_176' title='bbox 410 2631 483 2731; x_wconf 88' lang='lat' dir='ltr'><strong>est,</strong></span> <span class='ocrx_word' id='word_1_177' title='bbox 527 2632 619 2709; x_wconf 90' lang='lat' dir='ltr'><strong>nihil</strong></span> <span class='ocrx_word' id='word_1_178' title='bbox 647 2630 787 2710; x_wconf 82' lang='lat' dir='ltr'><strong>addam.</strong></span> <span class='ocrx_word' id='word_1_179' title='bbox 864 2632 974 2709; x_wconf 78' lang='lat' dir='ltr'><strong>Satis·</strong></span> <span class='ocrx_word' id='word_1_180' title='bbox 989 2627 1055 2707; x_wconf 89' lang='lat' dir='ltr'><strong>ista</strong></span> <span class='ocrx_word' id='word_1_181' title='bbox 1083 2631 1327 2731; x_wconf 88' lang='lat' dir='ltr'><strong>comprobare</strong></span> <span class='ocrx_word' id='word_1_182' title='bbox 1355 2634 1527 2735; x_wconf 81' lang='lat' dir='ltr'><strong>exempla</strong></span> 
     </span>
     <span class='ocr_line' id='line_1_22' title="bbox 214 2728 1641 2837; baseline 0.003 -28"><span class='ocrx_word' id='word_1_183' title='bbox 214 2736 309 2809; x_wconf 90' lang='lat' dir='ltr'><strong>mihi</strong></span> <span class='ocrx_word' id='word_1_184' title='bbox 329 2732 522 2833; x_wconf 79' lang='lat' dir='ltr'><strong>uidentur,</strong></span> <span class='ocrx_word' id='word_1_185' title='bbox 560 2749 822 2830; x_wconf 85' lang='lat' dir='ltr'><strong>argumentum</strong></span> <span class='ocrx_word' id='word_1_186' title='bbox 843 2728 1035 2815; x_wconf 81' lang='lat' dir='ltr'><strong>asilentio</strong></span> <span class='ocrx_word' id='word_1_187' title='bbox 1058 2729 1282 2834; x_wconf 88' lang='lat' dir='ltr'><strong>scriptorum</strong></span> <span class='ocrx_word' id='word_1_188' title='bbox 1307 2731 1537 2837; x_wconf 65' lang='lat' dir='ltr'><strong>deductum,</strong></span> <span class='ocrx_word' id='word_1_189' title='bbox 1636 2776 1641 2785; x_wconf 85' lang='lat'><em>·</em></span> 
     </span>
     <span class='ocr_line' id='line_1_23' title="bbox 217 2828 1523 2932; baseline 0.004 -26"><span class='ocrx_word' id='word_1_190' title='bbox 217 2837 323 2906; x_wconf 91' lang='lat' dir='ltr'><strong>inre</strong></span> <span class='ocrx_word' id='word_1_191' title='bbox 350 2853 432 2905; x_wconf 92' lang='lat' dir='ltr'><strong>non</strong></span> <span class='ocrx_word' id='word_1_192' title='bbox 447 2832 558 2928; x_wconf 69' lang='lat' dir='ltr'><strong>⁸omui</strong></span> <span class='ocrx_word' id='word_1_193' title='bbox 580 2833 729 2926; x_wconf 84' lang='lat' dir='ltr'><strong>prorius</strong></span> <span class='ocrx_word' id='word_1_194' title='bbox 748 2831 994 2906; x_wconf 74' lang='lat' dir='ltr'><strong>fundamento</strong></span> <span class='ocrx_word' id='word_1_195' title='bbox 1017 2828 1205 2924; x_wconf 86' lang='lat' dir='ltr'><strong>destituta,</strong></span> <span class='ocrx_word' id='word_1_196' title='bbox 1231 2843 1425 2932; x_wconf 84' lang='lat' dir='ltr'><strong>perexigui</strong></span> <span class='ocrx_word' id='word_1_197' title='bbox 1451 2836 1523 2918; x_wconf 76' lang='lat' dir='ltr'><strong>elie</strong></span> 
     </span>
     <span class='ocr_line' id='line_1_24' title="bbox 217 2935 1504 3013; baseline -0.009 0"><span class='ocrx_word' id='word_1_198' title='bbox 217 2935 411 3013; x_wconf 79' lang='lat' dir='ltr'><strong>momenti</strong></span> <span class='ocrx_word' id='word_1_199' title='bbox 798 2972 801 2977; x_wconf 94' lang='lat'>·</span> <span class='ocrx_word' id='word_1_200' title='bbox 1502 2996 1504 3001; x_wconf 86' lang='grc'><em>,</em></span> 
     </span>
    </p>
   </div>
   <div class='ocr_carea' id='block_1_5' title="bbox 65 3186 1647 4243">
    <p class='ocr_par' dir='ltr' id='par_1_8' title="bbox 65 3186 1647 4243">
     <span class='ocr_line' id='line_1_25' title="bbox 65 3186 1542 3312; baseline 0.013 -26"><span class='ocrx_word' id='word_1_201' title='bbox 65 3216 74 3229; x_wconf 90' lang='grc'><em>“</em></span> <span class='ocrx_word' id='word_1_202' title='bbox 203 3254 207 3259; x_wconf 83' lang='lat'>.</span> <span class='ocrx_word' id='word_1_203' title='bbox 294 3211 464 3288; x_wconf 86' lang='lat' dir='ltr'><strong>Maxime</strong></span> <span class='ocrx_word' id='word_1_204' title='bbox 476 3186 703 3305; x_wconf 80' lang='lat' dir='ltr'><strong>sententiae,</strong></span> <span class='ocrx_word' id='word_1_205' title='bbox 724 3228 834 3308; x_wconf 88' lang='lat' dir='ltr'><strong>quam</strong></span> <span class='ocrx_word' id='word_1_206' title='bbox 846 3214 888 3284; x_wconf 90' lang='lat' dir='ltr'><strong>in</strong></span> <span class='ocrx_word' id='word_1_207' title='bbox 904 3229 966 3282; x_wconf 89' lang='lat' dir='ltr'><strong>me</strong></span> <span class='ocrx_word' id='word_1_208' title='bbox 978 3200 1209 3307; x_wconf 87' lang='lat' dir='ltr'><strong>probandam</strong></span> <span class='ocrx_word' id='word_1_209' title='bbox 1224 3192 1351 3312; x_wconf 85' lang='lat' dir='ltr'><strong>sumsr,</strong></span> <span class='ocrx_word' id='word_1_210' title='bbox 1378 3213 1542 3306; x_wconf 83' lang='lat' dir='ltr'><strong>obstare</strong></span> 
     </span>
     <span class='ocr_line' id='line_1_26' title="bbox 215 3309 1619 3433; baseline 0.004 -36"><span class='ocrx_word' id='word_1_211' title='bbox 215 3313 386 3412; x_wconf 88' lang='lat' dir='ltr'><strong>videtur,</strong></span> <span class='ocrx_word' id='word_1_212' title='bbox 418 3311 651 3389; x_wconf 89' lang='lat' dir='ltr'><strong>Antiochum</strong></span> <span class='ocrx_word' id='word_1_213' title='bbox 664 3320 768 3402; x_wconf 78' lang='grc' dir='ltr'><strong><em>Θεον,</em></strong></span> <span class='ocrx_word' id='word_1_214' title='bbox 800 3309 1041 3413; x_wconf 85' lang='lat' dir='ltr'><strong>Pompejum,</strong></span> <span class='ocrx_word' id='word_1_215' title='bbox 1068 3309 1412 3411; x_wconf 62' lang='lat' dir='ltr'><strong>memoratores</strong></span> <span class='ocrx_word' id='word_1_216' title='bbox 1459 3337 1524 3433; x_wconf 80' lang='lat' dir='ltr'><strong>qut</strong></span> <span class='ocrx_word' id='word_1_217' title='bbox 1615 3356 1619 3363; x_wconf 90' lang='lat'><em>·</em></span> 
     </span>
     <span class='ocr_line' id='line_1_27' title="bbox 138 3408 1523 3525; baseline 0.001 -23"><span class='ocrx_word' id='word_1_218' title='bbox 138 3452 141 3457; x_wconf 92' lang='lat'>·</span> <span class='ocrx_word' id='word_1_219' title='bbox 212 3421 412 3502; x_wconf 81' lang='lat' dir='ltr'><strong>sacrarium</strong></span> <span class='ocrx_word' id='word_1_220' title='bbox 436 3415 561 3517; x_wconf 87' lang='lat' dir='ltr'><strong>templi</strong></span> <span class='ocrx_word' id='word_1_221' title='bbox 587 3411 787 3515; x_wconf 77' lang='lat' dir='ltr'><strong>spedatum</strong></span> <span class='ocrx_word' id='word_1_222' title='bbox 810 3408 960 3514; x_wconf 83' lang='lat' dir='ltr'><strong>ingreffi</strong></span> <span class='ocrx_word' id='word_1_223' title='bbox 985 3410 1088 3514; x_wconf 84' lang='lat' dir='ltr'><strong>sunt,</strong></span> <span class='ocrx_word' id='word_1_224' title='bbox 1123 3442 1173 3495; x_wconf 91' lang='lat' dir='ltr'><strong>ne</strong></span> <span class='ocrx_word' id='word_1_225' title='bbox 1191 3419 1344 3525; x_wconf 89' lang='lat' dir='ltr'><strong>volam,</strong></span> <span class='ocrx_word' id='word_1_226' title='bbox 1370 3453 1419 3508; x_wconf 86' lang='lat' dir='ltr'><strong>ve</strong></span> <span class='ocrx_word' id='word_1_227' title='bbox 1454 3452 1523 3516; x_wconf 71' lang='lat' dir='ltr'><strong>ve.</strong></span> 
     </span>
     <span class='ocr_line' id='line_1_28' title="bbox 165 3510 1525 3707; baseline 0.013 -112"><span class='ocrx_word' id='word_1_228' title='bbox 165 3526 169 3531; x_wconf 84' lang='lat'>&#39;</span> <span class='ocrx_word' id='word_1_229' title='bbox 214 3526 363 3707; x_wconf 63' lang='lat' dir='ltr'><strong>mptum</strong></span> <span class='ocrx_word' id='word_1_230' title='bbox 383 3518 431 3598; x_wconf 88' lang='lat' dir='ltr'><strong>de</strong></span> <span class='ocrx_word' id='word_1_231' title='bbox 445 3513 535 3597; x_wconf 84' lang='lat' dir='ltr'><strong>almi</strong></span> <span class='ocrx_word' id='word_1_232' title='bbox 555 3514 674 3621; x_wconf 83' lang='lat' dir='ltr'><strong>capite</strong></span> <span class='ocrx_word' id='word_1_233' title='bbox 688 3510 878 3596; x_wconf 82' lang='lat' dir='ltr'><strong>invenisse.</strong></span> <span class='ocrx_word' id='word_1_234' title='bbox 927 3516 1088 3620; x_wconf 88' lang='lat' dir='ltr'><strong>Verum,</strong></span> <span class='ocrx_word' id='word_1_235' title='bbox 1113 3548 1188 3603; x_wconf 88' lang='lat' dir='ltr'><strong>uec</strong></span> <span class='ocrx_word' id='word_1_236' title='bbox 1209 3523 1248 3606; x_wconf 92' lang='lat' dir='ltr'><strong>id</strong></span> <span class='ocrx_word' id='word_1_237' title='bbox 1263 3529 1393 3635; x_wconf 90' lang='lat' dir='ltr'><strong>telum,</strong></span> <span class='ocrx_word' id='word_1_238' title='bbox 1419 3542 1525 3645; x_wconf 81' lang='lat' dir='ltr'><strong>quod</strong></span> 
     </span>
     <span class='ocr_line' id='line_1_29' title="bbox 212 3619 1591 3735; baseline 0.002 -37"><span class='ocrx_word' id='word_1_239' title='bbox 212 3631 255 3711; x_wconf 87' lang='lat'><strong>10</strong></span> <span class='ocrx_word' id='word_1_240' title='bbox 271 3632 392 3735; x_wconf 79' lang='lat' dir='ltr'><strong>ephus</strong></span> <span class='ocrx_word' id='word_1_241' title='bbox 412 3629 453 3701; x_wconf 89' lang='lat' dir='ltr'><strong>in</strong></span> <span class='ocrx_word' id='word_1_242' title='bbox 465 3621 659 3725; x_wconf 87' lang='lat' dir='ltr'><strong>Apioncm</strong></span> <span class='ocrx_word' id='word_1_243' title='bbox 673 3635 880 3722; x_wconf 79' lang='lat' dir='ltr'><strong>retorquet,</strong></span> <span class='ocrx_word' id='word_1_244' title='bbox 905 3646 976 3701; x_wconf 89' lang='lat' dir='ltr'><strong>nos</strong></span> <span class='ocrx_word' id='word_1_245' title='bbox 1001 3619 1096 3731; x_wconf 75' lang='lat' dir='ltr'><strong>ierit</strong></span> <span class='ocrx_word' id='word_1_246' title='bbox 1149 3627 1248 3731; x_wconf 78' lang='lat' dir='ltr'><strong>Qris</strong></span> <span class='ocrx_word' id='word_1_247' title='bbox 1264 3634 1366 3723; x_wconf 83' lang='lat' dir='ltr'><strong>enim</strong></span> <span class='ocrx_word' id='word_1_248' title='bbox 1386 3649 1512 3730; x_wconf 83' lang='lat' dir='ltr'><strong>credat</strong></span> <span class='ocrx_word' id='word_1_249' title='bbox 1559 3638 1591 3701; x_wconf 89' lang='lat'><strong>&#39;.</strong></span> 
     </span>
     <span class='ocr_line' id='line_1_30' title="bbox 213 3710 1597 3853; baseline 0.017 -39"><span class='ocrx_word' id='word_1_250' title='bbox 213 3734 370 3814; x_wconf 78' lang='lat' dir='ltr'><strong>ludaeos</strong></span> <span class='ocrx_word' id='word_1_251' title='bbox 391 3746 467 3811; x_wconf 90' lang='lat' dir='ltr'><strong>tam</strong></span> <span class='ocrx_word' id='word_1_252' title='bbox 483 3722 645 3829; x_wconf 87' lang='lat' dir='ltr'><strong>stupidos</strong></span> <span class='ocrx_word' id='word_1_253' title='bbox 667 3720 792 3823; x_wconf 78' lang='lat' dir='ltr'><strong>tutte,</strong></span> <span class='ocrx_word' id='word_1_254' title='bbox 820 3739 859 3802; x_wconf 88' lang='lat' dir='ltr'><strong>vt</strong></span> <span class='ocrx_word' id='word_1_255' title='bbox 872 3730 1069 3831; x_wconf 84' lang='lat' dir='ltr'><strong>ingruente</strong></span> <span class='ocrx_word' id='word_1_256' title='bbox 1083 3739 1199 3839; x_wconf 83' lang='lat' dir='ltr'><strong>magis</strong></span> <span class='ocrx_word' id='word_1_257' title='bbox 1212 3747 1407 3853; x_wconf 81' lang='lat' dir='ltr'><strong>magisque</strong></span> <span class='ocrx_word' id='word_1_258' title='bbox 1420 3710 1533 3837; x_wconf 68' lang='lat' dir='ltr'><strong>urbi}</strong></span> <span class='ocrx_word' id='word_1_259' title='bbox 1592 3774 1597 3779; x_wconf 86' lang='grc'><em>“</em></span> 
     </span>
     <span class='ocr_line' id='line_1_31' title="bbox 214 3827 1543 3943; baseline 0.009 -28"><span class='ocrx_word' id='word_1_260' title='bbox 214 3834 395 3941; x_wconf 80' lang='lat' dir='ltr'><strong>ettempii</strong></span> <span class='ocrx_word' id='word_1_261' title='bbox 409 3829 571 3928; x_wconf 87' lang='lat' dir='ltr'><strong>excidio,</strong></span> <span class='ocrx_word' id='word_1_262' title='bbox 585 3841 622 3907; x_wconf 91' lang='lat' dir='ltr'><strong>et</strong></span> <span class='ocrx_word' id='word_1_263' title='bbox 639 3827 684 3906; x_wconf 85' lang='lat' dir='ltr'><strong>de</strong></span> <span class='ocrx_word' id='word_1_264' title='bbox 698 3833 809 3935; x_wconf 83' lang='lat' dir='ltr'><strong>partis</strong></span> <span class='ocrx_word' id='word_1_265' title='bbox 823 3830 969 3913; x_wconf 87' lang='lat' dir='ltr'><strong>tuendis</strong></span> <span class='ocrx_word' id='word_1_266' title='bbox 979 3832 1543 3943; x_wconf 58' lang='lat' dir='ltr'><strong>desperantesaureum‘mee</strong></span> 
     </span>
     <span class='ocr_line' id='line_1_32' title="bbox 214 3933 1581 4049; baseline 0 -31"><span class='ocrx_word' id='word_1_267' title='bbox 214 3952 529 4033; x_wconf 89' lang='lat' dir='ltr'><strong>monumentum,</strong></span> <span class='ocrx_word' id='word_1_268' title='bbox 570 3958 651 4013; x_wconf 87' lang='lat' dir='ltr'><strong>non</strong></span> <span class='ocrx_word' id='word_1_269' title='bbox 672 3933 821 4015; x_wconf 79' lang='lat' dir='ltr'><strong>aliunde</strong></span> <span class='ocrx_word' id='word_1_270' title='bbox 839 3961 910 4042; x_wconf 87' lang='lat' dir='ltr'><strong>per</strong></span> <span class='ocrx_word' id='word_1_271' title='bbox 929 3950 1281 4049; x_wconf 58' lang='lat' dir='ltr'><strong>cryptoporticus,</strong></span> <span class='ocrx_word' id='word_1_272' title='bbox 1304 3959 1367 4031; x_wconf 65' lang='lat' dir='ltr'><strong>fan</strong></span> <span class='ocrx_word' id='word_1_273' title='bbox 1380 3969 1581 4026; x_wconf 61' lang='lat' dir='ltr'><strong>ueram</strong></span> 
     </span>
     <span class='ocr_line' id='line_1_33' title="bbox 207 4039 1647 4243; baseline 0.003 -121"><span class='ocrx_word' id='word_1_274' title='bbox 207 4044 357 4153; x_wconf 77' lang='lat' dir='ltr'><strong>templis</strong></span> <span class='ocrx_word' id='word_1_275' title='bbox 372 4039 629 4167; x_wconf 59' lang='lat' dir='ltr'><strong>¹frequentes,</strong></span> <span class='ocrx_word' id='word_1_276' title='bbox 661 4041 1014 4243; x_wconf 41' lang='lat' dir='ltr'><strong>transactione&amp;</strong></span> <span class='ocrx_word' id='word_1_277' title='bbox 1037 4065 1112 4132; x_wconf 76' lang='lat' dir='ltr'><strong>aut</strong></span> <span class='ocrx_word' id='word_1_278' title='bbox 1134 4056 1192 4149; x_wconf 65' lang='lat' dir='ltr'><strong>{sn</strong></span> <span class='ocrx_word' id='word_1_279' title='bbox 1208 4047 1409 4143; x_wconf 55' lang='lat' dir='ltr'><strong>budrium&gt;</strong></span> <span class='ocrx_word' id='word_1_280' title='bbox 1430 4039 1647 4195; x_wconf 46' lang='grc' dir='ltr'><strong>ψῦὶὲζῦ</strong></span> 
     </span>
     <span class='ocr_line' id='line_1_34' title="bbox 278 4186 1067 4241; baseline 0.01 -8"><span class='ocrx_word' id='word_1_281' title='bbox 278 4186 281 4192; x_wconf 48' lang='grc'><strong><em>&lt;</em></strong></span> <span class='ocrx_word' id='word_1_282' title='bbox 1040 4188 1067 4241; x_wconf 79' lang='lat' dir='ltr'><strong>a</strong></span> 
     </span>
    </p>
   </div>
   <div class='ocr_carea' id='block_1_6' title="bbox 0 0 1700 4476">
    <p class='ocr_par' dir='ltr' id='par_1_9' title="bbox 0 0 1700 4476">
     <span class='ocr_line' id='line_1_35' title="bbox 0 0 1700 4476; baseline 0 0"><span class='ocrx_word' id='word_1_283' title='bbox 0 0 1700 4476; x_wconf 95' lang='lat' dir='ltr'><strong> </strong></span> 
     </span>
    </p>
   </div>
   <div class='ocr_carea' id='block_1_7' title="bbox 125 4264 1687 4412">
    <p class='ocr_par' dir='ltr' id='par_1_10' title="bbox 125 4264 1687 4412">
     <span class='ocr_line' id='line_1_36' title="bbox 125 4264 1687 4412; baseline -0.057 25"><span class='ocrx_word' id='word_1_284' title='bbox 125 4378 133 4385; x_wconf 88' lang='lat'>&#39;</span> <span class='ocrx_word' id='word_1_285' title='bbox 211 4297 253 4379; x_wconf 48' lang='lat'><strong>⁴)</strong></span> <span class='ocrx_word' id='word_1_286' title='bbox 272 4299 390 4370; x_wconf 56' lang='grc' dir='ltr'><strong>ΛΜ</strong></span> <span class='ocrx_word' id='word_1_287' title='bbox 415 4306 568 4381; x_wconf 61' lang='lat' dir='ltr'>Lib&#39;w</span> <span class='ocrx_word' id='word_1_288' title='bbox 594 4318 680 4412; x_wconf 68' lang='grc' dir='ltr'><strong>08Ρ·</strong></span> <span class='ocrx_word' id='word_1_289' title='bbox 695 4325 776 4392; x_wconf 67' lang='lat' dir='ltr'><strong>VH·</strong></span> <span class='ocrx_word' id='word_1_290' title='bbox 829 4278 833 4291; x_wconf 41' lang='grc' dir='ltr'>Ι</span> <span class='ocrx_word' id='word_1_291' title='bbox 898 4325 974 4412; x_wconf 53' lang='lat'><strong>*⁸³¹3</strong></span> <span class='ocrx_word' id='word_1_292' title='bbox 989 4280 1211 4393; x_wconf 30' lang='lat' dir='ltr'><strong>&#39;winor‘eon</strong></span> <span class='ocrx_word' id='word_1_293' title='bbox 1228 4298 1365 4369; x_wconf 61' lang='lat' dir='ltr'><strong>EM·</strong></span> <span class='ocrx_word' id='word_1_294' title='bbox 1383 4264 1687 4378; x_wconf 43' lang='lat' dir='ltr'><strong>&amp;RQW2</strong></span> 
     </span>
    </p>
   </div>
  </div>
 </body>
</html>
