3390 4476
212 403 254 470 32
404 391 586 452 secrro
621 393 662 451 v.
717 392 778 449 au
813 346 1010 449 cvrsvs
1051 373 1357 461 anrua'rrvrr
1484 464 1489 469 ,
1588 350 1653 437 ‘⁸

182 577 390 674 pionem,
428 579 578 675 antiqua
610 568 776 672 symbola
805 596 949 650 novum
982 532 1175 653 admittdre
1210 576 1376 682 sensum,
1413 583 1539 691 seque

215 672 421 754 commodo
456 691 493 750 et
525 680 677 775 ingenio
710 673 940 752 sacerdotum
973 679 1258 758 accommodare
1295 686 1540 773 tenebantur.

215 778 360 904 blitum
382 800 534 879 quoque
561 802 641 853 non
670 776 742 878 est,
774 770 921 887 sthene
946 778 1200 880 serpentinam·
1215 782 1450 867 sacerdotum
1477 789 1555 876 sa.T

244 886 393 958 rentiam
414 879 705 982 perpendamus,
742 883 881 957 cultum
905 883 1140 986 animalium,
1174 893 1253 966 imo
1277 904 1403 973 totum
1423 914 1542 980 tene-

216 903 372 1066 brarum
393 1004 571 1084 regnum,
604 998 661 1062 tot
685 980 824 1061 saecula
845 981 1060 1086 perdurasse
1135 1019 1138 1023 ·
1171 1014 1175 1023 ·

490 1158 493 1167 ’
640 1178 951 1287 suerro.
1019 1180 1080 1286 v.

845 1388 907 1443 AN

206 1538 209 1543 .
354 1484 1023 1569 CVLTvs-·AN1MAL1vM
1072 1458 1387 1591 nrrr'rrRAT

576 1609 645 1676 AB
667 1628 672 1637 ‘
693 1610 1162 1682 1DOLOLATR1A2

190 1888 193 1893 ¹
286 1906 529 2009 Praecipuum
547 1901 779 1983 idololatriae
802 1905 999 2006 objettum·
1013 1919 1119 1985 erant
1141 1905 1309 1993 Numina
1323 1916 1529 2031 hierogly.

200 2010 339 2119 phion,
363 2007 429 2087 sub
443 2007 577 2110 quibus
598 2006 814 2086 conditores
836 2025 874 2087 et
890 2007 1003 2086 duces
1019 2035 1095 2086 vna
1110 2034 1199 2091 cum
1215 2021 1412 2126 gentibus,
1433 2036 1527 2130 quae

208 2114 454 2193 condiderant
472 2126 510 2207 et
531 2117 571 2187 in
597 2110 732 2187 alienas
753 2135 857 2214 oras,
882 2127 926 2192 vt
949 2112 1116 2192 colonias
1137 2115 1344 2225 duxerant,
1369 2116 1521 2233 'reprae-

206 2215 463 2311 sentabantur,
500 2235 661 2313 quorum
688 2219 864 2313 nomina,
906 2240 954 2291 ex
978 2220 1125 2319 origine
1155 2235 1192 2298 et
1216 2233 1376 2324 regione
1401 2238 1515 2334 patria

207 2313 433 2421 compofita,
460 2314 634 2412 urbibus,
667 2340 758 2419 quas
780 2316 1000 2415 fundabant,
1023 2318 1067 2395 ad
1088 2343 1303 2426 perpetuam
1326 2338 1509 2431 maiorum
1559 2364 1562 2368 ·
1592 2380 1598 2391 ‚

204 2426 445 2517 memoriam,
478 2416 630 2496 suerunt
651 2418 773 2497 indita.
845 2423 999 2500 Mutatis
1025 2429 1066 2498 in
1093 2425 1269 2527 personas
1296 2424 1510 2531 singulares,
1623 2418 1636 2461 ⁷

201 2524 402 2630 symbolis,
421 2546 517 2623 quae
536 2522 586 2600 ob
601 2528 764 2625 ingentia
779 2533 910 2603 merita
927 2542 964 2604 et
981 2531 1020 2602 in
1037 2544 1169 2627 gentes
1187 2528 1384 2630 beneficia,
1413 2534 1508 2611 divi-
1575 2574 1583 2581 ··

202 2635 263 2709 nis
281 2624 490 2707 honoribus
512 2623 668 2703 donatae
689 2623 805 2705 essent
824 2646 862 2707 et
888 2627 1040 2731 dignae,
1067 2647 1110 2707 vt
1133 2629 1213 2730 lsrs,
1249 2627 1382 2726 Osiris,
1416 2635 1505 2706 Ho·
1574 2694 1579 2703 .

202 2757 269 2810 rus
288 2746 358 2806 etc.
389 2729 560 2806 divinum
603 2752 728 2827 uoque
744 2733 814 2804 illis
834 2732 975 2807 cultum
997 2732 1242 2809 exhibuerunt
1255 2743 1293 2815 e!
1307 2742 1382 2817 tam
1394 2734 1498 2805 vatia
1581 2828 1583 2834 Α

199 2832 284 2913 sunt
306 2828 469 2929 instituta
490 2824 579 2907 saer'
609 2831 686 2926 cia,
714 2843 751 2907 et
773 2829 878 2908 Deos
896 2831 1066 2934 expiandi
1085 2840 1176 2910 ritus
1197 2841 1234 2903 et
1251 2828 1429 2923 rationes,
1453 2843 1501 2905 vt

200 2962 331 3033 eorum
353 2942 418 3012 vix
438 2931 550 3009 fuerit
569 2955 747 3009 numerus
771 2948 809 3010 et
828 2932 923 3012 finis.
974 2934 1076 3012 Hinc
1096 2936 1288 3039 proprium
1310 2936 1504 3011 etiterum

198 3044 323 3123 cultus
343 3036 563 3115 idololatrici
581 3033 790 3135 objedlum,
816 3037 1009 3137 homines,
1033 3063 1116 3115 non
1136 3032 1283 3139 quidem
1297 3030 1378 3131 lege
1394 3056 1505 3109 mor-

196 3148 343 3236 talium,
383 3139 445 3218 sed
476 3137 669 3219 flaminum
704 3155 805 3229 arte,
849 3158 1058 3244 prognatos
1096 3136 1203 3220 soille
1209 3197 1223 3239 ,
1260 3149 1337 3216 tota
1369 3136 1506 3218 clamat
1628 3154 1653 3169 ·“

194 3248 353 3354 hierogl.
375 3248 580 3349 antiquitas
1224 3294 1227 3299 ,

265 3515 523 3594 Communem
541 3513 658 3613 hanc,
686 3510 732 3591 de
750 3519 927 3615 primario
947 3515 1068 3595 cultus
1089 3511 1311 3592 idololatrici
1335 3505 1506 3618 objedlo,
1597 3582 1600 3587 .

194 3617 429 3716 sententiam,
459 3626 519 3696 vir
537 3616 684 3718 quidam
702 3614 958 3697 literariffimus
976 3617 1164 3699 destruere
1188 3632 1348 3694 conatus
1367 3612 1421 3693 est
1443 3621 1506 3721 l).

194 3722 441 3821 Argumenta,
460 3721 592 3822 quibus
605 3718 651 3797 ad
666 3720 764 3799 hanc
777 3719 994 3800 sententiam
1008 3719 1252 3826 probandam,
1267 3733 1436 3817 utuntur,
1453 3747 1507 3802 ex
1588 3800 1594 3805 .

194 3824 430 3903 Graecorum
440 3822 623 3925 mysteriis
638 3830 763 3925 petita,
778 3826 869 3903 nihil
882 3828 953 3903 hac
967 3831 1007 3902 in
1021 3851 1063 3904 re
1076 3822 1331 3905 demonstrare
1345 3821 1503 3929 judicat,
1534 3858 1538 3862 ·

176 3932 267 4025 quia
289 3924 580 4031 Aegyptiorum
616 3924 791 4032 mylleria
816 3954 842 4008 a
870 3928 1107 4009 Graecorum
1132 3945 1217 4008 toto
1250 3926 1361 4009 coelo
1391 3926 1503 4011 diffe·
1636 3984 1643 4001 ι

154 4043 260 4106 runt
324 4028 539 4117 Verisimile
555 4028 650 4141 elie,
678 4041 722 4118 in
738 4030 1003 4144 antiquitirutis
1018 4031 1297 4139 Aegyptiorum
1305 4029 1530 4206 merigge„
1645 4068 1648 4077 ·

585 4160 589 4169 ¹
810 4158 844 4169 '⁴
1475 4155 1534 4205 ss-
1619 4182 1623 4187 .

159 4282 202 4361 ')
220 4289 313 4358 Paul·
339 4240 518 4378 Idblondlsi
537 4308 657 4378 Panda·
681 4310 821 4400 Aegypt.
844 4300 1028 4396 proteram.
1053 4293 1192 4381 Cep-ll·
1225 4246 1257 4367 8
1274 4273 1423 4360 ilfi-ll·
