3390 4476
181 378 225 451 50
276 352 536 429 sien-vm.
587 365 647 424 nr
678 346 930 428 onorata.
958 364 1177 439 rvnatrs
1205 346 1442 454 carrera
1484 344 1498 354 ”

186 548 282 629 stare
316 545 506 652 possimus.
541 604 544 610 -
569 548 666 650 Qris
697 544 854 646 nescit,¹
870 551 996 624 virum
1016 546 1120 624 hunc
1140 549 1226 726 pius
1251 548 1501 635 Graecorum

185 653 363 750 scientiis,
388 677 500 755 quam
517 650 740 728 ludaeorum
754 648 942 752 disciplina
960 658 1086 728 arcani
1099 657 1138 726 in
1172 653 1332 751 rudium,
1358 653 1505 735 oblite.

186 773 267 841 rata
291 774 373 833 tum
394 761 572 857 temporis
589 751 781 852 vetustate,
807 759 940 855 notitia
951 753 1058 831 hiero
1085 753 1107 829 l.
1122 755 1182 831 vel
1198 750 1315 833 finem
1330 772 1367 833 et
1381 758 1508 838 indo-

186 861 263 937 lem
278 864 404 959 capitis
418 852 547 934 asinini
559 854 765 959 symbolici,
783 857 915 957 planei
942 879 1034 934 nora
1064 881 1097 954 e,
1114 856 1187 954 vel,
1206 852 1332 959 siquid
1346 885 1506 962 cogno.

186 967 308 1058 verit,
337 959 459 1037 studio
489 955 726 1062 suppressisse.
774 959 864 1040 Non
894 880 941 1036 id
961 966 1066 1035 omni
1097 983 1223 1036 carere
1248 961 1506 1071 probatione,

188 1090 238 1143 ex
260 1089 307 1140 eo
332 1065 487 1164 intelligi
504 1060 646 1165 potest,
673 1060 774 1163 quod
794 1069 836 1140 in
848 1060 1104 1139 'describendis
1119 1058 1255 1161 ‘asrnis‚
1275 1073 1508 1167 aequivocis

188 1162 367 1268 loquendi
402 1164 574 1243 formulis
602 1181 737 1252 utatur.
815 1165 920 1256 Sunt,
971 1170 1093 1265 inquit
1122 1180 1255 1256 contra
1280 1166 1504 1278 Apionem,
1605 1218 1608 1223 ·

186 1270 282 1373 apud
299 1297 361 1345 nor
378 1271 475 1373 rastri,
501 1269 593 1374 quod
608 1270 704 1373 apud
714 1267 968 1372 aliosstrpienies
987 1272 1096 1364 viros,
1121 1269 1365 1374 oparostbimet
1384 1282 1504 1383 impo-

160 1430 161 1435 ,
170 1375 245 1477 stin
254 1359 452 1475 fiastinrntrs.
528 1372 658 1472 Quae,
698 1397 808 1471 quam
831 1371 1000 1470 ambigua
1014 1365 1104 1468 sint,
1129 1395 1211 1448 non
1233 1373 1370 1455 obesae
1396 1393 1504 1467 naris

184 1482 277 1555 viris
302 1473 421 1552 statim
443 1472 601 1573 subolet,
627 1498 723 1576 quos
743 1475 857 1551 latere
880 1477 1023 1575 nequit,
1049 1474 1244 1551 hominem
1261 1477 1416 1564 vafrum
1441 1495 1502 1569 in.
1540 1482 1543 1487 ’
1584 1542 1595 1553 .

183 1576 324 1657 servire
356 1585 519 1680 tempori
538 1594 578 1655 et
609 1579 655 1656 ad
681 1578 784 1676 vulgi
807 1593 957 1680 captum
978 1574 1014 1653 se
1038 1577 1351 1684 accommodare,
1393 1591 1501 1674 aliter
1548 1661 1556 1669 ,

182 1679 340 1779 sentire,
365 1705 476 1782 quam
504 1683 609 1782 loqui
637 1696 675 1759 et
707 1687 756 1757 ita
783 1676 905 1760 asinos
932 1675 1108 1777 desinire,
1130 1697 1174 1758 vt
1192 1680 1302 1763 sensu
1323 1691 1498 1794 physico,

183 1782 248 1861 seu
269 1786 420 1885 morali,
453 1809 524 1887 pro
551 1785 699 1862 lesion's
729 1789 905 1885 ingenio,
940 1790 1079 1884 exponi
1106 1779 1235 1884 pollet.
1290 1793 1393 1874 Satis
1420 1796 1494 1877 effe
1623 1836 1628 1843 ·

182 1885 308 1965 sorsan
325 1897 489 1990 putavit,
513 1883 541 1963 fi
560 1887 718 1964 Iudaeos
732 1886 777 1963 ab
796 1894 999 1985 imaginum
1015 1887 1137 1983 cultu,
1161 1894 1263 1969 inter
1278 1894 1494 2003 Aegyptios

182 1991 338 2070 invasio
361 2007 534 2094 purgaret
553 2006 591 2069 et
616 1988 880 2091 suspedlionem
901 1988 1151 2088 idololatriae,
1179 2003 1243 2073 cui
1268 2023 1311 2077 ca
1337 2018 1379 2079 ut
1398 1988 1490 2081 afinr

184 2094 308 2171 ansam
347 2094 591 2196 praebuerat,
640 2094 745 2170 nullo
786 2093 912 2170 habito
953 2093 1166 2173 reconditae
1206 2024 1485 2199 igniscarionrs

184 2194 354 2297 respetlu
386 2198 501 2293 hujus
531 2193 709 2296 symboli,
748 2219 769 2270 a
804 2194 876 2271 suis
908 2197 1135 2275 amoliretur.
1212 2203 1334 2282 Tanta
1362 2210 1479 2300 igitur

182 2297 349 2400 losephi‚
381 2301 463 2396 qul,
491 2310 534 2371 vt
557 2294 676 2372 famae
701 2300 821 2398 gentis
845 2293 929 2374 suae
953 2296 1138 2400 consulat,
1168 2315 1350 2385 veritatem
1375 2298 1495 2398 dissi-,¹

182 2403 320 2499 mulat,
358 2399 429 2501 ,trel
460 2404 569 2478 tacite
600 2405 793 2500 praeterit,
830 2401 892 2477 vel
923 2400 1075 2504 oblique
1108 2412 1299 2511 exprimit,
1339 2406 1480 2479 autori-

144 2538 147 2543 *
181 2522 238 2585 tas
263 2530 344 2583 non
370 2498 537 2602 eil,'vt,
580 2527 673 2603 quae
704 2502 852 2606 profani
878 2500 1076 2608 scriptores
1101 2507 1147 2587 de
1168 2534 1282 2590 aureo
1305 2500 1392 2584 afinl
1418 2527 1485 2581 ca·

179 2615 265 2790 pited
275 2615 314 2685 in
338 2608 479 2712 templo
508 2622 681 2715 reperto,
723 2607 973 2715 tradiderunt,
1007 2636 1152 2696 meram
1168 2609 1293 2719 sapere
1319 2606 1510 2723 fabulam·
1540 2718 1543 2723 ³

177 2738 381 2794 creamus
1450 2776 1455 2781 .

770 2864 801 2973 q.
838 2875 889 2964 ⁶⁵.

183 2991 190 3002 ’
245 3002 304 3082 lix
325 2996 471 3082 silentio
493 2999 714 3106 scriptorum
740 2999 778 3079 id
800 3024 951 3102 quoque
966 3025 1046 3082 non
1060 2999 1240 3103 sequitur,
1266 2989 1367 3096 quod
1381 2989 1488 3071 lose-

174 3110 271 3214 phus
293 3126 330 3187 et
351 3116 416 3212 qui
443 3132 531 3185 cum
553 3132 599 3184 eo
618 3104 722 3204 sunt,
762 3104 850 3182 inde
868 3102 975 3207 'sequi
995 3109 1139 3185 volunt.
1201 3097 1278 3204 lpse
1304 3100 1487 3214 exemplo

174 3211 246 3293 esse
268 3211 410 3317 potest,
436 3236 547 3313 quam
567 3218 690 3310 varia,
716 3225 847 3286 notatu
871 3226 969 3288 certe
994 3212 1125 3314 digna,
1150 3214 1193 3286 in
1212 3209 1378 3303 antiquit.
1406 3204 1495 3284 iuis.

174 3334 211 3393 et
240 3314 402 3395 Historia
422 3315 643 3394 Iudaeorum
664 3311 849 3413 omiserit,
888 3339 980 3415 quae
1002 3311 1098 3417 apud
1117 3311 1208 3390 alios
1234 3314 1488 3410 reperiuntur.

173 3421 278 3499 Vnus
293 3419 489 3509 historicus
507 3444 588 3497 non
603 3418 698 3495 tollit
712 3411 824 3495 fidem
840 3419 1009 3517 alterius,
1036 3425 1098 3518 qui
1114 3434 1195 3513 res,
1238 3436 1329 3512 quas
1344 3407 1487 3493 deseri.
1512 3506 1517 3511 .
1553 3454 1566 3467 ι

174 3521 241 3620 bit,
263 3522 469 3625 exploratas
482 3517 646 3600 babuisse
662 3518 842 3616 censetur.
872 3522 1084 3620 Suetonius,
1099 3519 1177 3598 Dio
1192 3512 1337 3598 Gaffius
1355 3514 1487 3621 etalii,

175 3618 373 3703 Caesarum
391 3625 548 3703 Roman.
569 3620 769 3702 Historiam
787 3625 902 3704 literis
920 3624 1168 3724 mandarunt,
1194 3621 1332 3701 nullius
1354 3633 1488 3703 tamen
1545 3630 1553 3653 ’

175 3752 223 3805 ez
251 3734 296 3805 iis
314 3722 407 3804 fides
430 3727 610 3807 rediditur
629 3725 811 3828 rosseria,
877 3730 952 3807 uod
976 3729 1108 3828 aliquis
1128 3751 1263 3806 eorum
1284 3747 1344 3801 res
1358 3724 1485 3812 abiis
1520 3722 1529 3775 7

167 3827 289 3929 gestas
305 3845 388 3906 eta
410 3833 557 3932 reliquis
576 3838 653 3909 omi
681 3855 720 3910 as
742 3756 991 3931 recensuerit(
1031 3832 1234 3937 Polybius,
1254 3825 1385 3908 Strabo
1410 3848 1512 3915 etc·
1550 3888 1555 3894 ·

157 3947 202 4006 vt
215 3930 424 4034 scriptores
442 3933 588 4015 cordati
613 3946 652 4016 et
673 3938 843 4044 graues,
858 3934 1042 4016 Antiochi
1057 3935 1258 4039 Epiphania
1274 3928 1494 4021 Historiam·
1519 4030 1523 4037 Ι

141 4039 434 4118 concinnarunt
461 4058 502 4122 et
522 4045 643 4126 multa
664 4061 796 4127 tamen
822 4041 987 4142 icinms,
1010 4048 1058 4120 in
1077 4045 1127 4119 iis
1146 4033 1365 4126 desiderari,
1394 4052 1506 4132 quae·

141 4126 372 4228 sdominis
392 4144 520 4254 liujus
542 4150 716 4235 monstri
739 4161 866 4236 vitam
894 4167 937 4230 et
958 4146 1063 4227 satia
1085 4147 1296 4247 pertinent.
1346 4133 1453 4209 bon
1470 4135 1525 4207 ib

141 4245 279 4322 euriae
298 4266 376 4332 aut
398 4254 592 4347 inscitiae
611 4260 924 4378 imputandum
946 4253 1019 4337 sed
1033 4252 1085 4333 m
1102 4262 1267 4328 mmm
1279 4254 1372 4316 mm
1387 4236 1569 4398 ratior&
1615 4318 1618 4322 ”

1135 4401 1137 4405 ,
1513 4399 1521 4406 “
1568 4376 1589 4416 ἱ
