3390 4476
294 389 556 464 sncrtox.
617 400 675 457 or
716 384 1391 462 onrctnrnvrvssrmom
1461 386 1549 483 tt'
1642 386 1645 391 ‘

204 582 344 663 calidae
365 605 478 679 naua,
504 572 881 683 paronomafiaduce,
907 576 1031 653 Emaei
1047 576 1225 655 Horraeis
1241 582 1377 677 vicini,
1402 601 1497 681 quos

202 693 348 764 invenit
372 705 410 763 et
433 683 583 763 adortus
606 683 679 782 eli,
702 677 840 782 sibique
861 677 1002 780 subegit
1022 677 1111 756 Ana
1131 681 1169 783 *)
1220 678 1340 759 Maria
1357 686 1396 757 in
1412 704 1495 758 mo-

201 790 377 867 nimentis
400 804 568 866 veterum
591 784 676 863 sunt
704 784 855 889 populi,
891 782 993 961 pund
1007 790 1061 859 in
1081 781 1365 885 praesentiarum
1392 803 1495 861 extra

203 913 353 968 omnem
377 889 614 969 dubitationis
631 890 745 965 aleam
769 883 822 963 est
838 911 888 988 po
904 905 1019 983 itum,
1045 910 1131 963 cum
1151 884 1244 962 nulli
1265 893 1419 963 circaea
1432 884 1496 963 de·
1567 886 1573 898 '

201 992 283 1069 serti
305 996 406 1093 loca,
424 992 593 1070 ‘existunt
613 992 736 1086 lacus,
766 983 833 1065 nih
856 986 1079 1089 asphaltites,
1112 994 1174 1089 qui
1199 986 1260 1063 diu
1279 986 1361 1090 post
1380 1006 1494 1068 ortus.

200 1096 270 1173 Sed
284 1113 326 1174 vt
340 1097 386 1173 de
397 1095 522 1175 verbis
531 1096 657 1168 Taciti
673 1116 756 1167 non
771 1091 863 1165 nihil
876 1091 995 1167 adhuc
1009 1113 1230 1186 memorem,
1246 1088 1400 1183 describi
1412 1092 1495 1189 illis,

199 1223 281 1275 non
298 1200 393 1275 nulli
409 1194 559 1273 censent
583 1196 637 1287 aa)
673 1190 855 1269 desertum
867 1193 974 1290 Elim,
1000 1198 1040 1265 in
1062 1215 1139 1289 quo
1156 1188 1213 1266 liti
1232 1190 1394 1270 confecti
1406 1193 1495 1270 lsra-

129 1294 132 1299 ’
200 1301 326 1396 elitae,
358 1295 507 1373 tandem
537 1303 577 1369 in
598 1295 728 1371 umbra
749 1293 901 1368 Palmeti
923 1311 982 1371 tot
1008 1290 1153 1390 fontes,
1180 1310 1273 1392 quot
1295 1299 1335 1368 in
1357 1296 1495 1396 populo

200 1400 336 1492 tribus,
377 1402 513 1497 reperti
551 1391 645 1471 sunt
687 1392 804 1469 Exodi
834 1394 914 1470 XV.
952 1389 1126 1493 Iosephus
1163 1396 1234 1495 ¹pro
1273 1394 1366 1472 Elim
1405 1398 1496 1494 legit
1560 1438 1563 1443 ·
1611 1442 1614 1449 ·

196 1500 270 1573 llin
292 1499 371 1598 aaa)
396 1490 495 1597 quasi
513 1494 559 1573 ab
584 1490 690 1572 almis
712 1519 853 1571 nomen
869 1490 1072 1596 accepisset,
1098 1518 1184 1571 cum
1205 1496 1274 1570 llin
1289 1497 1392 1597 Syris
1411 1494 1495 1577 sunt

202 1594 390 1675 asinorum
409 1598 511 1698 pulli.
559 1596 649 1674 Inde
666 1612 805 1690 ortam,
831 1619 941 1695 quam
959 1598 1116 1673 Tacitus
1135 1610 1174 1671 et
1195 1597 1407 1678 Plutarchus
1427 1600 1495 1675 ha·
1551 1676 1556 1691 x

201 1698 312 1798 beot,
335 1698 507 1797 fabulam,
524 1693 653 1775 asinos
674 1705 715 1775 in
738 1694 882 1775 deserto
902 1696 1042 1789 ludaeis
1059 1720 1233 1796 aquarum
1253 1696 1377 1779 fontes
1398 1700 1495 1778 indi·

124 1832 127 1837 ·
201 1796 316 1979 calieB,
347 1826 424 1983 qlpo
448 1800 537 1902 quid
557 1822 651 1880 vero
674 1805 849 1905 propius,
872 1794 939 1880 fibi
961 1798 1131 1879 nondum
1154 1799 1372 1904 occurrisse,
1401 1800 1493 1883 fate·
1555 1901 1557 1904 Α

201 1919 263 1983 tut
313 1926 361 1983 oc
388 1920 496 1983 attus.
561 1934 570 1973 r

21 2236 24 2243 .
136 2212 139 2217 ·
278 2189 490 2267 Sectmdum
508 2188 721 2293 mysticam,
755 2212 865 2286 quam
879 2201 1001 2262 amant
1014 2189 1169 2265 Rabbini
1182 2193 1495 2290 interpretationis

198 2291 438 2389 methodum,
464 2295 600 2393 palmas
624 2308 662 2365 et
678 2290 803 2365 fontes
818 2291 859 2363 in
872 2284 1015 2363 deserto
1032 2289 1218 2387 deterius,
1244 2316 1265 2366 a
1283 2290 1345 2367 sex
1366 2291 1507 2371 diebus

178 2396 398 2471 ,creationis
419 2392 557 2469 ibidem
576 2385 743 2489 exstitisse
758 2390 817 2488 †),
841 2390 902 2466 vel
926 2383 1138 2467 fimentem
1159 2416 1291 2469 eorum
1311 2393 1410 2471 teile
1433 2418 1494 2469 ca-

197 2496 317 2593 piam,
350 2490 395 2569 ab
415 2488 500 2595 ipsis
522 2499 641 2591 gentis
663 2486 746 2565 suae
767 2488 998 2590 primordiis,
1027 2497 1069 2566 in
1093 2516 1218 2569 rerum
1238 2508 1370 2570 natura
1390 2490 1494 2571 fuiffe

200 2590 406 2691 somniant,
432 2594 532 2697 quud
558 2592 683 2671 credat
703 2590 857 2669 Iudaeus
877 2590 1022 2693 Apellae
1068 2591 1137 2675 Per
1159 2594 1295 2696 palmas
1316 2610 1354 2670 et
1369 2592 1493 2676 fontes

71 2754 74 2759 .
199 2694 407 2806 intelligunt
429 2688 561 2859 oppida
580 2713 618 2777 et
638 2694 769 2788 vrbes,
796 2711 833 2771 et
851 2688 1079 2804 per'asrnos,
1099 2696 1259 2798 populos
1279 2697 1493 2776 desertillin
1687 2774 1690 2781 ,

201 2789 353 2859 Tomos
367 2810 455 2861 mco
471 2808 594 2882 entes,
621 2801 684 2884 qui
695 2794 837 2861 ludaeis
850 2798 1006 2885 penuria
1018 2793 1265 2869 laborantibus
1280 2797 1392 2872 hosce
1407 2798 1494 2878 fon.

201 2900 257 2962 tes
277 2884 636 2985 commonstrarunt,
666 2884 767 2961 vnde
792 2880 988 2961 necellaria
1010 2893 1110 2979 vitae
1134 2889 1253 2969 media
1282 2894 1428 2974 haurire
1455 2894 1494 2978 et

204 2999 365 3086 quotum
388 3009 460 3086 ope
479 2984 550 3065 suis
574 2984 769 3066 consulere·
784 2987 893 3065 rebus
921 3002 1134 3087 potuerunt.
1186 2990 1285 3072 Cum
1306 2996 1346 3073 hi
1364 3000 1494 3103 populi

201 3089 374 3166 dicuntur
401 3082 587 3164 almorum
613 3089 721 3189 pulli,
770 3112 818 3164 ex
845 3083 1129 3191 significatione
1144 3103 1309 3176 nominis
1338 3115 1376 3177 et
1403 3102 1491 3205 loci,

201 3185 397 3270 confestim
418 3189 592 3286 colligere
610 3206 778 3291 oportet,
802 3200 1062 3293 progenitores
1082 3218 1232 3298 eorum,
1258 3196 1398 3280 asinum
1420 3232 1491 3308 pro

170 3348 175 3357 -
200 3290 371 3395 symbolo
403 3287 563 3371 habuisse
588 3288 815 3393 posterisque
836 3290 925 3393 iuis,
966 3300 1006 3373 in
1027 3303 1181 3400 originis
1203 3310 1492 3411 monimentum,

198 3387 389 3495 reliquille.
449 3392 553 3470 Haec
579 3417 660 3469 eam
684 3391 734 3470 ob
761 3394 904 3474 causam
934 3395 1060 3479 sedulo
1088 3399 1172 3480 sunt
1202 3408 1407 3511 monenda,
1448 3432 1492 3494 vt

137 3524 141 3529 ·
184 3496 373 3613 sciamus,
399 3492 566 3617 ‘ludaeos
598 3519 669 3600 pro
700 3501 854 3579 orientis
883 3506 997 3601 genio
1029 3502 1075 3583 de
1104 3500 1289 3592 asinorum
1315 3510 1493 3618 symbolis

200 3600 297 3679 idem
318 3598 472 3705 sentire..

1253 3808 1256 3815 .
1405 3768 1490 3837 ,η

182 3933 190 3949 .
242 3892 404 3975 ⁰)Cleric.
425 3888 589 3953 comment.
609 3892 640 3956 in
660 3893 762 3969 cenet
791 3899 861 3986 Cap.
885 3900 1020 3973 XXXvi.
1049 3927 1120 3995 pag.
1136 3884 1212 3988 aro.
1382 3738 1414 3855 §u

244 3989 301 4065 ce)
321 3991 452 4053 Birthan.
480 3990 597 4055 llieroz.
625 3994 702 4059 Part.
721 3996 748 4059 1.
779 3997 849 4065 Lib.
867 3998 911 4069 li,
927 4004 1146 4091 sappum·
1164 3996 1325 4089 ww„

232 4082 307 4159 m)
330 4083 475 4163 Antiquit.
514 4089 578 4153 Lib.
601 4090 658 4154 111.
689 4095 768 4185 cap,
789 4100 819 4163 ι,
878 4116 886 4127 ’
1377 4126 1380 4131 .

135 4226 138 4231 ·
221 4171 256 4252 i)
276 4176 312 4235 n
350 4178 423 4275 cur,
449 4185 543 4264 riteh
590 4184 662 4259 rot,
690 4196 750 4273 te..
781 4192 864 4287 cn.
899 4214 932 4271 4.
963 4188 1051 4257 net„
