3390 4476
193 374 247 442 do
324 375 598 438 sacrroxu
649 376 929 433 raosrrvrt
966 374 1094 433 insu
1131 380 1392 439 vaurstve

145 648 148 652 ⁴
200 584 328 639 exore
342 557 571 637 sacerdotum
585 557 714 653 relata,
736 571 778 634 vt
796 552 963 632 insulsam
977 555 1125 656 quidam
1142 558 1275 635 eruditi
1292 560 1510 661 explodunt¹

200 661 379 757 tabulam,
406 657 650 745 existimantes
669 684 727 735 res
740 658 959 736 Iudaeorum
974 674 1011 734 et
1026 657 1232 759 Typhonis
1244 679 1386 739 temere
1403 689 1505 745 con·
1611 678 1622 691 ’

121 804 123 809 >
179 762 331 859 iundi,
356 771 434 838 imo
457 760 592 863 ipsum,
618 769 683 860 qui
699 762 774 837 hoc
795 762 938 859 retulit,
965 760 1196 839 Plutarchum
1221 760 1416 841 offendille
1440 772 1504 869 i),
1588 788 1596 805 ·

201 864 302 965 quod
317 891 397 941 non
410 872 547 941 invitus
566 862 747 962 concedo,
774 857 920 961 srvulgi
932 863 1049 940 oculis
1063 887 1108 939 ea
1127 872 1253 940 omnia
1272 872 1502 952 intueamur.

200 966 332 1064 Longe
348 968 453 1042 aham
466 989 526 1042 res
543 964 670 1041 induet
682 963 858 1069 speciem,
885 962 913 1042 st
929 965 1211 1069 hieroglyphice
1223 968 1399 1074 pleraque
1412 996 1502 1075 per-

200 1070 407 1171 pendantur
422 1074 572 1145 et-inter
586 1064 622 1144 se
636 1069 893 1149 concilientur.

780 1223 814 1319 l·
861 1238 910 1307 8¹·

275 1353 522 1433 sacerdotales
532 1351 806 1456 Aegyptiorum
819 1352 971 1452 fabulas,
985 1353 1248 1455 quasmendax
1258 1356 1503 1445 Graecorum

197 1458 358 1536 calamus
380 1483 462 1535 non
484 1468 671 1559 corrupit,
698 1472 735 1532 et
756 1453 959 1554 fragmenta
985 1481 1034 1532 ex
1059 1458 1305 1541 Manethonis
1319 1464 1501 1568 Historia,
1628 1534 1632 1541 .

197 1585 290 1660 quae
312 1559 409 1662 apud
424 1558 617 1659 losephum
645 1562 699 1655 ss)
726 1576 763 1635 et
785 1560 874 1637 alios
898 1556 1060 1659 exstant,
1085 1559 1294 1642 luculenter
1317 1569 1501 1669 indicant,

197 1663 430 1765 Typhonem
447 1654 529 1740 'elle
550 1660 759 1765 symbolum
792 1684 923 1761 regum
948 1659 1157 1759 Pastorum,
1190 1689 1288 1766 quos
1310 1674 1499 1753 vocabant

196 1766 338 1845 Hicsos.
387 1768 438 1842 Hi
456 1790 580 1865 reges,
622 1767 714 1843 vltra
735 1764 918 1844 ducentos
934 1788 1051 1842 annos
1066 1763 1310 1851 ininferioris
1330 1773 1417 1875 Aeg
1443 1784 1496 1881 pti

194 1868 328 1947 Nomis
351 1886 389 1947 et
407 1872 523 1969 plagis
545 1888 698 1945 tenuere
711 1867 953 1963 Dominium,
979 1867 1164 1968 multaque
1181 1894 1272 1951 cum
1287 1880 1333 1955 iis
1348 1804 1496 1957 berb-et
1528 1890 1531 1895 '

192 1975 329 2074 praelia
353 1971 557 2071 geilerunt,
581 1968 712 2047 frustra
735 1988 858 2047 tamen
880 1968 1085 2047 Thebanos
1098 1980 1210 2052 armis
1224 1974 1395 2081 frangere
1408 1976 1491 2057 fibi·

193 2099 266 2172 que
289 2072 466 2172 subjicere
489 2073 573 2152 sunt
603 2080 738 2150 conati.
798 2070 861 2150 Ob
882 2089 1036 2150 cruenta
1065 2071 1130 2153 ista
1155 2076 1272 2174 bella,
1308 2084 1487 2183 Aegyptii

193 2176 428 2274 Typhonem
450 2176 600 2249 censent
622 2197 738 2260 omne
764 2169 921 2271 saccum,
949 2182 1101 2276 igneum
1120 2194 1157 2255 et
1177 2182 1347 2282 quidquid
1369 2178 1481 2255 exfic·

195 2275 304 2352 candi
328 2282 405 2349 vim
432 2271 601 2351 habetet
629 2272 780 2359 humori
810 2270 862 2349 est
887 2277 1091 2355 adversum.
1157 2280 1304 2360 lnfidiae
1324 2282 1420 2355 illius
1439 2291 1477 2351 et
1532 2280 1557 2363 J
1590 2333 1597 2341 .
1628 2286 1632 2299 '

194 2383 374 2478 tyrannis,
401 2381 478 2452 vim
499 2366 703 2471 significant
718 2370 885 2455 siccitatis
902 2381 1147 2482 praevalentis
1168 2370 1274 2487 atque
1286 2380 1479 2455 humorem

194 2477 443 2558 consumentis
462 2481 557 2575 iii),
594 2501 661 2580 per
684 2477 784 2579 quod
813 2481 1030 2560 calamitates
1055 2503 1095 2561 et
1124 2488 1267 2586 clades,
1298 2477 1482 2583 aregibus

170 2581 394 2687 ¹pastoribus
406 2584 600 2685 Aegyptiis
613 2580 747 2681 illatas,
773 2579 952 2685 designari
964 2584 1082 2690 palam
1097 2585 1160 2666 est.

771 2738 802 2835 §-
852 2759 903 2821 aa.
962 2818 966 2823 ,
1208 2794 1231 2801 .-

265 2857 492 2940 Potiffimum
523 2887 603 2941 rem
627 2866 770 2966 planam
793 2863 880 2945 facit
903 2865 1078 2948 historiae
1097 2862 1283 2969 utriusque
1304 2861 1497 2965 analogia·

191 2964 367 3068 Typhon
376 2973 529 3045 maritus
543 2966 595 3044 est
613 2969 858 3071 Nephthyos‚
882 2972 946 3047 vel
960 2982 1081 3075 gentis
1096 2972 1268 3066 Arabiae,
1294 2992 1402 3068 quam
1417 2991 1485 3041 ve·

187 3085 285 3146 teres
302 3076 496 3148 nominare
511 3067 627 3150 solent
639 3072 817 3150 Arabiam
836 3081 1100 3175 aegyptiacam,
1127 3084 1213 3178 quia
1229 3070 1371 3149 Arabes
1387 3076 1485 3145 anti-

189 3169 365 3272 quiffimis
378 3174 604 3275 temporibus
620 3201 701 3252 eam
720 3175 975 3261 inhabitarunt
991 3181 1050 3277 †).
1075 3179 1198 3282 Reges
1211 3172 1373 3279 'pallores
1386 3171 1504 3255 Ara-,

186 3274 251 3352 bes
276 3274 447 3354 dicuntur
472 3292 509 3352 et
534 3286 667 3357 merito
686 3277 831 3357 Arabes
852 3288 1012 3383 aegyptii
1031 3281 1253 3386 appellandi,
1279 3301 1374 3379 quos
1395 3272 1483 3353 Pto-

185 3378 352 3464 lomaeus
368 3378 412 3454 ad
420 3374 523 3459 'finus
538 3380 673 3457 arabici
685 3384 808 3461 littora
821 3385 986 3462 collocat
1019 3386 1191 3489 Typhon
1207 3403 1485 3481 tanquamven-

186 3494 245 3556 tus
270 3505 383 3559 vrens
398 3497 435 3557 et
457 3482 647 3581 terribilis,
673 3510 720 3561 ex
735 3482 895 3566 Oriente
917 3484 1076 3590 spirans,
1102 3491 1323 3592 Aegyptum
1338 3480 1487 3583 damnis

186 3596 224 3655 et
253 3585 357 3660 maiis
385 3585 580 3680 madiavit5
628 3584 746 3689 Reges
772 3587 936 3690 pastores
968 3617 1016 3668 ex
1042 3592 1204 3693 partibus
1230 3588 1491 3688 orientalibus,

186 3680 353 3783 Aegypti
379 3686 567 3769 inferioris
589 3690 738 3769 Nomos
762 3691 973 3771 invaserunt
998 3712 1036 3772 er
1050 3696 1191 3773 incolas
1205 3690 1484 3796 supramodum

184 3784 379 3862 torserunt
444 3788 618 3895 Typhon
644 3792 851 3877 dominium
873 3802 918 3906 'vi
939 3814 978 3877 et
1007 3795 1173 3905 potentia
1201 3797 1247 3875 ad
1278 3792 1315 3874 se
1342 3802 1484 3974 rapum

997 3936 1005 3973 t
1156 3932 1167 3939 ·
1391 3922 1500 4002 &gest
1537 3946 1544 3957 ·

193 4018 418 4133 vastorum
441 4066 549 4137 ranst.
572 4076 702 4162 aegypt.
737 4075 816 4141 ant.
829 4075 888 4141 ut
909 4074 1037 4142 usu.
1053 4075 1185 4157 capu.
1201 4082 1331 4155 pat-ra·
1439 4148 1442 4153 ,

135 4226 138 4232 .
174 4144 234 4226 ³⁹⁹)
249 4155 360 4219 arar.
387 4183 420 4241 r·
438 4173 518 4241 460.
660 4172 744 4260 m)
767 4172 921 4259 niutan.
942 4171 1081 4237 aaran
1100 4190 1172 4256 pa.
1185 4162 1389 4244 ,sa-assu
1402 4172 1475 4235 ³1²·
1608 4236 1614 4245 .

160 4236 197 4314 f)
223 4248 342 4318 Strabo
360 4257 404 4322 in
430 4260 581 4360 descript.
608 4274 764 4365 Aegypti.¹
796 4272 870 4342 Lib.
885 4268 992 4344 illu«
