<?xml version="1.0" encoding="UTF-8"?>
<!DOCTYPE html PUBLIC "-//W3C//DTD XHTML 1.0 Transitional//EN"
    "http://www.w3.org/TR/xhtml1/DTD/xhtml1-transitional.dtd">
<html xmlns="http://www.w3.org/1999/xhtml" xml:lang="en" lang="en">
 <head>
  <title>
</title>
<meta http-equiv="Content-Type" content="text/html;charset=utf-8" />
  <meta name='ocr-system' content='tesseract 3.04.00' />
  <meta name='ocr-capabilities' content='ocr_page ocr_carea ocr_par ocr_line ocrx_word'/>
</head>
<body>
  <div class='ocr_page' id='page_1' title='image "./decultuanimaliu00schugoog_0050.png"; bbox 0 0 3390 4476; ppageno 0'>
   <div class='ocr_carea' id='block_1_1' title="bbox 160 345 1251 458">
    <p class='ocr_par' dir='ltr' id='par_1_1' title="bbox 160 345 1251 458">
     <span class='ocr_line' id='line_1_1' title="bbox 160 345 1251 458; baseline 0.006 -30"><span class='ocrx_word' id='word_1_1' title='bbox 160 390 209 458; x_wconf 71' lang='lat' dir='ltr'>aa</span> <span class='ocrx_word' id='word_1_2' title='bbox 297 442 301 449; x_wconf 57' lang='grc'>,</span> <span class='ocrx_word' id='word_1_3' title='bbox 386 345 1251 451; x_wconf 73' lang='lat' dir='ltr'>sncr10r11.,urv1rvtoavtro</span> 
     </span>
    </p>
   </div>
   <div class='ocr_carea' id='block_1_2' title="bbox 74 550 1630 2096">
    <p class='ocr_par' dir='ltr' id='par_1_2' title="bbox 172 550 1496 762">
     <span class='ocr_line' id='line_1_2' title="bbox 172 550 1481 661; baseline 0 -26"><span class='ocrx_word' id='word_1_4' title='bbox 172 556 400 636; x_wconf 85' lang='lat' dir='ltr'>idololatriae</span> <span class='ocrx_word' id='word_1_5' title='bbox 421 555 563 654; x_wconf 80' lang='lat' dir='ltr'>faeces,</span> <span class='ocrx_word' id='word_1_6' title='bbox 594 561 636 631; x_wconf 88' lang='lat' dir='ltr'>in</span> <span class='ocrx_word' id='word_1_7' title='bbox 663 550 806 633; x_wconf 86' lang='lat' dir='ltr'>deserto</span> <span class='ocrx_word' id='word_1_8' title='bbox 828 550 953 631; x_wconf 82' lang='lat' dir='ltr'>sitiunt</span> <span class='ocrx_word' id='word_1_9' title='bbox 973 553 1207 656; x_wconf 90' lang='lat' dir='ltr'>vitulumque</span> <span class='ocrx_word' id='word_1_10' title='bbox 1234 553 1481 661; x_wconf 71' lang='lat' dir='ltr'>fabricanses,</span> 
     </span>
     <span class='ocr_line' id='line_1_3' title="bbox 174 658 1496 762; baseline 0.002 -24"><span class='ocrx_word' id='word_1_11' title='bbox 174 661 324 741; x_wconf 87' lang='lat' dir='ltr'>absente</span> <span class='ocrx_word' id='word_1_12' title='bbox 340 658 464 748; x_wconf 90' lang='lat' dir='ltr'>Mose,</span> <span class='ocrx_word' id='word_1_13' title='bbox 489 659 796 760; x_wconf 67' lang='lat' dir='ltr'>Aegyptiarum</span> <span class='ocrx_word' id='word_1_14' title='bbox 846 658 1052 734; x_wconf 83' lang='lat' dir='ltr'>iuvencum</span> <span class='ocrx_word' id='word_1_15' title='bbox 1073 659 1191 756; x_wconf 88' lang='lat' dir='ltr'>illum,</span> <span class='ocrx_word' id='word_1_16' title='bbox 1216 658 1262 737; x_wconf 92' lang='lat' dir='ltr'>ad</span> <span class='ocrx_word' id='word_1_17' title='bbox 1285 661 1496 762; x_wconf 67' lang='lat' dir='ltr'>exemplar,</span> 
     </span>
    </p>

    <p class='ocr_par' dir='ltr' id='par_1_3' title="bbox 74 757 1596 965">
     <span class='ocr_line' id='line_1_4' title="bbox 74 757 1596 863; baseline 0.006 -25"><span class='ocrx_word' id='word_1_18' title='bbox 74 835 83 844; x_wconf 82' lang='grc'>,,</span> <span class='ocrx_word' id='word_1_19' title='bbox 177 761 292 862; x_wconf 87' lang='lat' dir='ltr'>apidis</span> <span class='ocrx_word' id='word_1_20' title='bbox 329 762 609 861; x_wconf 88' lang='lat' dir='ltr'>memphitarum</span> <span class='ocrx_word' id='word_1_21' title='bbox 649 757 807 859; x_wconf 89' lang='lat' dir='ltr'>symboli</span> <span class='ocrx_word' id='word_1_22' title='bbox 845 757 1084 858; x_wconf 72' lang='lat' dir='ltr'>consessum,</span> <span class='ocrx_word' id='word_1_23' title='bbox 1129 761 1295 863; x_wconf 86' lang='lat' dir='ltr'>plerique</span> <span class='ocrx_word' id='word_1_24' title='bbox 1334 788 1484 842; x_wconf 85' lang='lat' dir='ltr'>conce·</span> <span class='ocrx_word' id='word_1_25' title='bbox 1592 840 1596 847; x_wconf 90' lang='lat'>.</span> 
     </span>
     <span class='ocr_line' id='line_1_5' title="bbox 181 859 1548 965; baseline 0.005 -25"><span class='ocrx_word' id='word_1_26' title='bbox 181 865 274 940; x_wconf 90' lang='lat' dir='ltr'>dunt</span> <span class='ocrx_word' id='word_1_27' title='bbox 296 867 356 961; x_wconf 63' lang='lat'>⁴⁶).</span> <span class='ocrx_word' id='word_1_28' title='bbox 416 864 630 960; x_wconf 86' lang='lat' dir='ltr'>Rationem,</span> <span class='ocrx_word' id='word_1_29' title='bbox 664 888 733 939; x_wconf 90' lang='lat' dir='ltr'>cur</span> <span class='ocrx_word' id='word_1_30' title='bbox 752 861 791 939; x_wconf 89' lang='lat' dir='ltr'>id</span> <span class='ocrx_word' id='word_1_31' title='bbox 817 859 976 959; x_wconf 76' lang='lat' dir='ltr'>fastum,</span> <span class='ocrx_word' id='word_1_32' title='bbox 1019 862 1115 965; x_wconf 90' lang='lat' dir='ltr'>apud</span> <span class='ocrx_word' id='word_1_33' title='bbox 1140 889 1272 943; x_wconf 90' lang='lat' dir='ltr'>omnes</span> <span class='ocrx_word' id='word_1_34' title='bbox 1295 862 1485 949; x_wconf 82' lang='lat' dir='ltr'>desidero.</span> <span class='ocrx_word' id='word_1_35' title='bbox 1538 868 1548 879; x_wconf 74' lang='grc'><strong>”</strong></span> 
     </span>
    </p>

    <p class='ocr_par' dir='ltr' id='par_1_4' title="bbox 91 962 1630 1888">
     <span class='ocr_line' id='line_1_6' title="bbox 91 962 1485 1067; baseline 0.007 -25"><span class='ocrx_word' id='word_1_36' title='bbox 91 1004 95 1011; x_wconf 93' lang='grc'><strong><em>·</em></strong></span> <span class='ocrx_word' id='word_1_37' title='bbox 179 965 334 1042; x_wconf 90' lang='lat' dir='ltr'>Videtur</span> <span class='ocrx_word' id='word_1_38' title='bbox 357 965 503 1044; x_wconf 91' lang='lat' dir='ltr'>Clerico</span> <span class='ocrx_word' id='word_1_39' title='bbox 523 963 560 1040; x_wconf 93' lang='lat' dir='ltr'>id</span> <span class='ocrx_word' id='word_1_40' title='bbox 577 965 743 1044; x_wconf 91' lang='lat' dir='ltr'>Aaronis</span> <span class='ocrx_word' id='word_1_41' title='bbox 770 962 921 1043; x_wconf 84' lang='lat' dir='ltr'>arbitrio</span> <span class='ocrx_word' id='word_1_42' title='bbox 949 962 1180 1066; x_wconf 77' lang='lat' dir='ltr'>permissum,</span> <span class='ocrx_word' id='word_1_43' title='bbox 1221 974 1284 1067; x_wconf 90' lang='lat' dir='ltr'>qui</span> <span class='ocrx_word' id='word_1_44' title='bbox 1311 992 1395 1046; x_wconf 91' lang='lat' dir='ltr'>eam</span> <span class='ocrx_word' id='word_1_45' title='bbox 1425 972 1485 1051; x_wconf 92' lang='lat' dir='ltr'>ob</span> 
     </span>
     <span class='ocr_line' id='line_1_7' title="bbox 180 1066 1527 1173; baseline 0.004 -27"><span class='ocrx_word' id='word_1_46' title='bbox 180 1068 324 1146; x_wconf 88' lang='lat' dir='ltr'>causam</span> <span class='ocrx_word' id='word_1_47' title='bbox 338 1070 528 1145; x_wconf 87' lang='lat' dir='ltr'>vitulinam</span> <span class='ocrx_word' id='word_1_48' title='bbox 539 1066 698 1146; x_wconf 87' lang='lat' dir='ltr'>sormam</span> <span class='ocrx_word' id='word_1_49' title='bbox 713 1074 867 1145; x_wconf 88' lang='lat' dir='ltr'>caeteris</span> <span class='ocrx_word' id='word_1_50' title='bbox 881 1067 1069 1170; x_wconf 89' lang='lat' dir='ltr'>praetulit,</span> <span class='ocrx_word' id='word_1_51' title='bbox 1093 1068 1194 1168; x_wconf 89' lang='lat' dir='ltr'>quod</span> <span class='ocrx_word' id='word_1_52' title='bbox 1213 1070 1257 1145; x_wconf 91' lang='lat' dir='ltr'>ab</span> <span class='ocrx_word' id='word_1_53' title='bbox 1272 1071 1488 1173; x_wconf 86' lang='lat' dir='ltr'>Aegyptiis</span> <span class='ocrx_word' id='word_1_54' title='bbox 1522 1131 1527 1136; x_wconf 89' lang='lat'>-</span> 
     </span>
     <span class='ocr_line' id='line_1_8' title="bbox 178 1165 1526 1275; baseline 0.001 -29"><span class='ocrx_word' id='word_1_55' title='bbox 178 1169 392 1247; x_wconf 72' lang='lat' dir='ltr'>sanstiffime</span> <span class='ocrx_word' id='word_1_56' title='bbox 417 1171 601 1248; x_wconf 85' lang='lat' dir='ltr'>coleretur</span> <span class='ocrx_word' id='word_1_57' title='bbox 621 1173 697 1267; x_wconf 62' lang='lat'>⁴⁶³⁶).</span> <span class='ocrx_word' id='word_1_58' title='bbox 750 1168 868 1269; x_wconf 83' lang='lat' dir='ltr'>Quod</span> <span class='ocrx_word' id='word_1_59' title='bbox 891 1165 919 1245; x_wconf 85' lang='lat' dir='ltr'>st</span> <span class='ocrx_word' id='word_1_60' title='bbox 942 1194 1075 1247; x_wconf 89' lang='lat' dir='ltr'>verum</span> <span class='ocrx_word' id='word_1_61' title='bbox 1102 1166 1210 1268; x_wconf 74' lang='lat' dir='ltr'>estet,</span> <span class='ocrx_word' id='word_1_62' title='bbox 1246 1176 1384 1275; x_wconf 91' lang='lat' dir='ltr'>procui</span> <span class='ocrx_word' id='word_1_63' title='bbox 1407 1176 1487 1257; x_wconf 90' lang='lat' dir='ltr'>du.</span> <span class='ocrx_word' id='word_1_64' title='bbox 1521 1268 1526 1275; x_wconf 27' lang='grc' dir='ltr'>Ι</span> 
     </span>
     <span class='ocr_line' id='line_1_9' title="bbox 179 1267 1489 1376; baseline 0.01 -28"><span class='ocrx_word' id='word_1_65' title='bbox 179 1273 244 1349; x_wconf 91' lang='lat' dir='ltr'>bio</span> <span class='ocrx_word' id='word_1_66' title='bbox 262 1275 366 1349; x_wconf 91' lang='lat' dir='ltr'>aliam</span> <span class='ocrx_word' id='word_1_67' title='bbox 385 1273 488 1350; x_wconf 90' lang='lat' dir='ltr'>idolo</span> <span class='ocrx_word' id='word_1_68' title='bbox 511 1269 668 1370; x_wconf 85' lang='lat' dir='ltr'>figuram</span> <span class='ocrx_word' id='word_1_69' title='bbox 686 1267 912 1376; x_wconf 79' lang='lat' dir='ltr'>impreffiffet</span> <span class='ocrx_word' id='word_1_70' title='bbox 929 1270 1074 1370; x_wconf 88' lang='lat' dir='ltr'>Aaron,</span> <span class='ocrx_word' id='word_1_71' title='bbox 1100 1299 1149 1351; x_wconf 92' lang='lat' dir='ltr'>ne</span> <span class='ocrx_word' id='word_1_72' title='bbox 1173 1273 1218 1351; x_wconf 91' lang='lat' dir='ltr'>de</span> <span class='ocrx_word' id='word_1_73' title='bbox 1239 1302 1349 1356; x_wconf 92' lang='lat' dir='ltr'>novo</span> <span class='ocrx_word' id='word_1_74' title='bbox 1400 1290 1489 1362; x_wconf 90' lang='lat' dir='ltr'>enti</span> 
     </span>
     <span class='ocr_line' id='line_1_10' title="bbox 179 1304 1630 1481; baseline 0.008 -29"><span class='ocrx_word' id='word_1_75' title='bbox 179 1400 382 1454; x_wconf 75' lang='lat' dir='ltr'>recenseri</span> <span class='ocrx_word' id='word_1_76' title='bbox 402 1374 581 1477; x_wconf 85' lang='lat' dir='ltr'>Aegypto</span> <span class='ocrx_word' id='word_1_77' title='bbox 602 1374 772 1471; x_wconf 75' lang='lat' dir='ltr'>eductae,</span> <span class='ocrx_word' id='word_1_78' title='bbox 810 1372 932 1452; x_wconf 88' lang='lat' dir='ltr'>ansam</span> <span class='ocrx_word' id='word_1_79' title='bbox 948 1372 1010 1452; x_wconf 91' lang='lat' dir='ltr'>Ae</span> <span class='ocrx_word' id='word_1_80' title='bbox 1086 1382 1225 1453; x_wconf 91' lang='lat' dir='ltr'>tiorum</span> <span class='ocrx_word' id='word_1_81' title='bbox 1250 1304 1490 1481; x_wconf 48' lang='lat' dir='ltr'>supersitio-</span> <span class='ocrx_word' id='word_1_82' title='bbox 1624 1400 1630 1405; x_wconf 85' lang='grc'><strong>“</strong></span> 
     </span>
     <span class='ocr_line' id='line_1_11' title="bbox 179 1476 1491 1589; baseline 0.013 -34"><span class='ocrx_word' id='word_1_83' title='bbox 179 1503 266 1555; x_wconf 89' lang='lat' dir='ltr'>nem</span> <span class='ocrx_word' id='word_1_84' title='bbox 289 1479 514 1574; x_wconf 87' lang='lat' dir='ltr'>renovandi,</span> <span class='ocrx_word' id='word_1_85' title='bbox 537 1476 665 1574; x_wconf 87' lang='lat' dir='ltr'>daret,</span> <span class='ocrx_word' id='word_1_86' title='bbox 689 1483 886 1578; x_wconf 80' lang='lat' dir='ltr'>praecipue</span> <span class='ocrx_word' id='word_1_87' title='bbox 906 1500 993 1557; x_wconf 91' lang='lat' dir='ltr'>cum</span> <span class='ocrx_word' id='word_1_88' title='bbox 1045 1478 1180 1558; x_wconf 88' lang='lat' dir='ltr'>raelitis</span> <span class='ocrx_word' id='word_1_89' title='bbox 1201 1479 1376 1589; x_wconf 81' lang='lat' dir='ltr'>Aegypti</span> <span class='ocrx_word' id='word_1_90' title='bbox 1397 1512 1491 1571; x_wconf 84' lang='lat' dir='ltr'>oras</span> 
     </span>
     <span class='ocr_line' id='line_1_12' title="bbox 180 1574 1582 1689; baseline 0.011 -32"><span class='ocrx_word' id='word_1_91' title='bbox 180 1580 379 1678; x_wconf 74' lang='lat' dir='ltr'>reliduris,</span> <span class='ocrx_word' id='word_1_92' title='bbox 420 1586 546 1657; x_wconf 89' lang='lat' dir='ltr'>omnia</span> <span class='ocrx_word' id='word_1_93' title='bbox 573 1606 593 1657; x_wconf 90' lang='lat' dir='ltr'>a</span> <span class='ocrx_word' id='word_1_94' title='bbox 622 1580 709 1658; x_wconf 89' lang='lat' dir='ltr'>Deo</span> <span class='ocrx_word' id='word_1_95' title='bbox 734 1588 785 1656; x_wconf 92' lang='lat' dir='ltr'>ita</span> <span class='ocrx_word' id='word_1_96' title='bbox 811 1577 973 1659; x_wconf 87' lang='lat' dir='ltr'>instituta</span> <span class='ocrx_word' id='word_1_97' title='bbox 1000 1597 1039 1658; x_wconf 86' lang='lat' dir='ltr'>et</span> <span class='ocrx_word' id='word_1_98' title='bbox 1067 1602 1267 1685; x_wconf 86' lang='lat' dir='ltr'>procurata</span> <span class='ocrx_word' id='word_1_99' title='bbox 1291 1574 1401 1689; x_wconf 79' lang='lat' dir='ltr'>furit,</span> <span class='ocrx_word' id='word_1_100' title='bbox 1442 1610 1493 1673; x_wconf 82' lang='lat' dir='ltr'>vt</span> <span class='ocrx_word' id='word_1_101' title='bbox 1579 1636 1582 1641; x_wconf 95' lang='lat'>·</span> 
     </span>
     <span class='ocr_line' id='line_1_13' title="bbox 179 1679 1488 1786; baseline 0.01 -27"><span class='ocrx_word' id='word_1_102' title='bbox 179 1683 456 1786; x_wconf 88' lang='lat' dir='ltr'>Acgyptiorum</span> <span class='ocrx_word' id='word_1_103' title='bbox 488 1682 650 1760; x_wconf 85' lang='lat' dir='ltr'>Numina</span> <span class='ocrx_word' id='word_1_104' title='bbox 678 1700 718 1760; x_wconf 90' lang='lat' dir='ltr'>et</span> <span class='ocrx_word' id='word_1_105' title='bbox 744 1681 862 1779; x_wconf 87' lang='lat' dir='ltr'>sacra,</span> <span class='ocrx_word' id='word_1_106' title='bbox 905 1688 946 1758; x_wconf 91' lang='lat' dir='ltr'>in</span> <span class='ocrx_word' id='word_1_107' title='bbox 976 1679 1252 1785; x_wconf 78' lang='lat' dir='ltr'>despicientiam</span> <span class='ocrx_word' id='word_1_108' title='bbox 1279 1707 1318 1769; x_wconf 88' lang='lat' dir='ltr'>et</span> <span class='ocrx_word' id='word_1_109' title='bbox 1352 1695 1488 1783; x_wconf 86' lang='lat' dir='ltr'>odium</span> 
     </span>
     <span class='ocr_line' id='line_1_14' title="bbox 175 1784 1493 1888; baseline 0.002 -25"><span class='ocrx_word' id='word_1_110' title='bbox 175 1788 275 1888; x_wconf 67' lang='lat' dir='ltr'>apud</span> <span class='ocrx_word' id='word_1_111' title='bbox 310 1811 442 1863; x_wconf 90' lang='lat' dir='ltr'>omnes</span> <span class='ocrx_word' id='word_1_112' title='bbox 480 1785 726 1861; x_wconf 87' lang='lat' dir='ltr'><strong>traherentur.</strong></span> <span class='ocrx_word' id='word_1_113' title='bbox 811 1785 912 1862; x_wconf 90' lang='lat' dir='ltr'>Hinc</span> <span class='ocrx_word' id='word_1_114' title='bbox 950 1784 1056 1863; x_wconf 86' lang='lat' dir='ltr'>aliam</span> <span class='ocrx_word' id='word_1_115' title='bbox 1094 1785 1235 1888; x_wconf 79' lang='lat' dir='ltr'>adhuc,</span> <span class='ocrx_word' id='word_1_116' title='bbox 1284 1821 1370 1873; x_wconf 90' lang='lat' dir='ltr'>non</span> <span class='ocrx_word' id='word_1_117' title='bbox 1409 1786 1493 1876; x_wconf 87' lang='lat' dir='ltr'>tam.</span> 
     </span>
    </p>

    <p class='ocr_par' dir='ltr' id='par_1_5' title="bbox 108 1882 1484 2073">
     <span class='ocr_line' id='line_1_15' title="bbox 108 1882 1484 2073; baseline 0.008 -108"><span class='ocrx_word' id='word_1_118' title='bbox 108 1975 112 1983; x_wconf 53' lang='grc'><em>,</em></span> <span class='ocrx_word' id='word_1_119' title='bbox 177 1898 476 2073; x_wconf 51' lang='lat' dir='ltr'>fficiacpapc,</span> <span class='ocrx_word' id='word_1_120' title='bbox 502 1913 612 1991; x_wconf 89' lang='lat' dir='ltr'>quam</span> <span class='ocrx_word' id='word_1_121' title='bbox 633 1882 775 1992; x_wconf 79' lang='lat' dir='ltr'>figurae</span> <span class='ocrx_word' id='word_1_122' title='bbox 793 1887 903 1988; x_wconf 91' lang='lat' dir='ltr'>idoli,</span> <span class='ocrx_word' id='word_1_123' title='bbox 937 1892 1123 1969; x_wconf 76' lang='lat' dir='ltr'>rationein</span> <span class='ocrx_word' id='word_1_124' title='bbox 1142 1890 1345 2000; x_wconf 81' lang='lat' dir='ltr'>superesse,</span> <span class='ocrx_word' id='word_1_125' title='bbox 1375 1898 1484 1983; x_wconf 83' lang='lat' dir='ltr'>facile</span> 
     </span>
    </p>

    <p class='ocr_par' dir='ltr' id='par_1_6' title="bbox 256 2015 499 2096">
     <span class='ocr_line' id='line_1_16' title="bbox 256 2015 499 2096; baseline -0.012 -27"><span class='ocrx_word' id='word_1_126' title='bbox 256 2017 355 2096; x_wconf 84' lang='lat' dir='ltr'>iper</span> <span class='ocrx_word' id='word_1_127' title='bbox 371 2016 416 2071; x_wconf 91' lang='lat' dir='ltr'>ua</span> <span class='ocrx_word' id='word_1_128' title='bbox 441 2015 499 2070; x_wconf 92' lang='lat' dir='ltr'>eo.</span> 
     </span>
    </p>
   </div>
   <div class='ocr_carea' id='block_1_3' title="bbox 171 2127 1620 2676">
    <p class='ocr_par' dir='ltr' id='par_1_7' title="bbox 171 2127 1620 2676">
     <span class='ocr_line' id='line_1_17' title="bbox 766 2127 897 2221; baseline -0.008 0"><span class='ocrx_word' id='word_1_129' title='bbox 766 2127 897 2221; x_wconf 64' lang='lat' dir='ltr'>bu</span> 
     </span>
     <span class='ocr_line' id='line_1_18' title="bbox 256 2253 1580 2373; baseline 0.006 -40"><span class='ocrx_word' id='word_1_130' title='bbox 256 2256 350 2359; x_wconf 86' lang='lat' dir='ltr'>Apis</span> <span class='ocrx_word' id='word_1_131' title='bbox 371 2253 532 2335; x_wconf 90' lang='lat' dir='ltr'>duorum</span> <span class='ocrx_word' id='word_1_132' title='bbox 554 2261 595 2335; x_wconf 91' lang='lat' dir='ltr'>in</span> <span class='ocrx_word' id='word_1_133' title='bbox 614 2254 793 2360; x_wconf 78' lang='lat' dir='ltr'>Aegypto</span> <span class='ocrx_word' id='word_1_134' title='bbox 810 2275 886 2335; x_wconf 88' lang='lat' dir='ltr'>erat</span> <span class='ocrx_word' id='word_1_135' title='bbox 903 2261 1027 2361; x_wconf 83' lang='lat' dir='ltr'>imago</span> <span class='ocrx_word' id='word_1_136' title='bbox 1044 2258 1273 2373; x_wconf 81' lang='lat' dir='ltr'>Nummum,</span> <span class='ocrx_word' id='word_1_137' title='bbox 1297 2263 1470 2365; x_wconf 74' lang='lat' dir='ltr'>ifidiesci·</span> <span class='ocrx_word' id='word_1_138' title='bbox 1577 2336 1580 2341; x_wconf 87' lang='lat'>.</span> 
     </span>
     <span class='ocr_line' id='line_1_19' title="bbox 180 2357 1620 2475; baseline 0.006 -39"><span class='ocrx_word' id='word_1_139' title='bbox 180 2357 267 2453; x_wconf 78' lang='lat' dir='ltr'>licet</span> <span class='ocrx_word' id='word_1_140' title='bbox 291 2376 328 2436; x_wconf 89' lang='lat' dir='ltr'>et</span> <span class='ocrx_word' id='word_1_141' title='bbox 351 2357 527 2459; x_wconf 87' lang='lat' dir='ltr'>Ofiridis,</span> <span class='ocrx_word' id='word_1_142' title='bbox 553 2385 714 2459; x_wconf 88' lang='lat' dir='ltr'>quorum</span> <span class='ocrx_word' id='word_1_143' title='bbox 735 2360 838 2437; x_wconf 86' lang='lat' dir='ltr'>hunc</span> <span class='ocrx_word' id='word_1_144' title='bbox 858 2385 929 2464; x_wconf 89' lang='lat' dir='ltr'>pro</span> <span class='ocrx_word' id='word_1_145' title='bbox 949 2366 1080 2466; x_wconf 83' lang='lat' dir='ltr'>patre,</span> <span class='ocrx_word' id='word_1_146' title='bbox 1099 2367 1249 2449; x_wconf 89' lang='lat' dir='ltr'>alteram</span> <span class='ocrx_word' id='word_1_147' title='bbox 1268 2394 1335 2475; x_wconf 90' lang='lat' dir='ltr'>pro</span> <span class='ocrx_word' id='word_1_148' title='bbox 1355 2376 1471 2445; x_wconf 69' lang='lat' dir='ltr'>matre</span> <span class='ocrx_word' id='word_1_149' title='bbox 1611 2358 1620 2371; x_wconf 74' lang='grc'><em>’</em></span> 
     </span>
     <span class='ocr_line' id='line_1_20' title="bbox 171 2460 1475 2567; baseline 0 -28"><span class='ocrx_word' id='word_1_150' title='bbox 171 2460 412 2567; x_wconf 82' lang='lat' dir='ltr'>agnoscebat,</span> <span class='ocrx_word' id='word_1_151' title='bbox 438 2483 482 2545; x_wconf 83' lang='lat' dir='ltr'>vt</span> <span class='ocrx_word' id='word_1_152' title='bbox 499 2490 547 2545; x_wconf 85' lang='lat' dir='ltr'>ex</span> <span class='ocrx_word' id='word_1_153' title='bbox 563 2462 795 2541; x_wconf 84' lang='lat' dir='ltr'>sacerdotum</span> <span class='ocrx_word' id='word_1_154' title='bbox 811 2463 1066 2545; x_wconf 83' lang='lat' dir='ltr'>traditionibus</span> <span class='ocrx_word' id='word_1_155' title='bbox 1083 2470 1237 2550; x_wconf 91' lang='lat' dir='ltr'>constat.</span> <span class='ocrx_word' id='word_1_156' title='bbox 1287 2467 1346 2548; x_wconf 88' lang='lat' dir='ltr'>lsts</span> <span class='ocrx_word' id='word_1_157' title='bbox 1360 2474 1475 2544; x_wconf 77' lang='lat' dir='ltr'>vicca</span> 
     </span>
     <span class='ocr_line' id='line_1_21' title="bbox 186 2564 1585 2676; baseline 0.009 -34"><span class='ocrx_word' id='word_1_158' title='bbox 186 2567 399 2667; x_wconf 87' lang='lat' dir='ltr'>appellatur,</span> <span class='ocrx_word' id='word_1_159' title='bbox 423 2564 540 2645; x_wconf 84' lang='lat' dir='ltr'>Osiris</span> <span class='ocrx_word' id='word_1_160' title='bbox 561 2566 626 2645; x_wconf 89' lang='lat' dir='ltr'>sub</span> <span class='ocrx_word' id='word_1_161' title='bbox 649 2566 748 2668; x_wconf 81' lang='lat' dir='ltr'>bove</span> <span class='ocrx_word' id='word_1_162' title='bbox 772 2569 1086 2671; x_wconf 82' lang='lat' dir='ltr'>repraesentatur,</span> <span class='ocrx_word' id='word_1_163' title='bbox 1120 2581 1206 2676; x_wconf 88' lang='lat' dir='ltr'>qui,-</span> <span class='ocrx_word' id='word_1_164' title='bbox 1235 2568 1371 2653; x_wconf 78' lang='lat' dir='ltr'>sicum</span> <span class='ocrx_word' id='word_1_165' title='bbox 1396 2568 1478 2645; x_wconf 70' lang='lat' dir='ltr'>hbe</span> <span class='ocrx_word' id='word_1_166' title='bbox 1581 2626 1585 2635; x_wconf 93' lang='lat'>·</span> 
     </span>
    </p>
   </div>
   <div class='ocr_carea' id='block_1_4' title="bbox 158 2668 1579 2869">
    <p class='ocr_par' dir='ltr' id='par_1_8' title="bbox 158 2668 1579 2869">
     <span class='ocr_line' id='line_1_22' title="bbox 184 2668 1579 2774; baseline -0.009 -27"><span class='ocrx_word' id='word_1_167' title='bbox 184 2693 297 2747; x_wconf 90' lang='lat' dir='ltr'>vacca</span> <span class='ocrx_word' id='word_1_168' title='bbox 327 2668 587 2769; x_wconf 76' lang='lat' dir='ltr'>congreditur,</span> <span class='ocrx_word' id='word_1_169' title='bbox 629 2678 706 2769; x_wconf 88' lang='lat' dir='ltr'>apis</span> <span class='ocrx_word' id='word_1_170' title='bbox 728 2687 963 2771; x_wconf 88' lang='lat' dir='ltr'>procreatur,</span> <span class='ocrx_word' id='word_1_171' title='bbox 996 2680 1109 2774; x_wconf 85' lang='lat' dir='ltr'>cujus</span> <span class='ocrx_word' id='word_1_172' title='bbox 1133 2676 1233 2752; x_wconf 74' lang='lat' dir='ltr'>avusj</span> <span class='ocrx_word' id='word_1_173' title='bbox 1249 2670 1302 2747; x_wconf 85' lang='lat' dir='ltr'>est</span> <span class='ocrx_word' id='word_1_174' title='bbox 1325 2668 1473 2762; x_wconf 85' lang='lat' dir='ltr'>serapis.</span> <span class='ocrx_word' id='word_1_175' title='bbox 1576 2668 1579 2673; x_wconf 84' lang='lat'>&#39;</span> 
     </span>
     <span class='ocr_line' id='line_1_23' title="bbox 158 2764 1476 2869; baseline -0.003 -27"><span class='ocrx_word' id='word_1_176' title='bbox 158 2809 169 2815; x_wconf 38' lang='lat'>⁴·</span> <span class='ocrx_word' id='word_1_177' title='bbox 181 2772 303 2847; x_wconf 88' lang='lat' dir='ltr'>Vacca</span> <span class='ocrx_word' id='word_1_178' title='bbox 323 2789 400 2848; x_wconf 89' lang='lat' dir='ltr'>erat</span> <span class='ocrx_word' id='word_1_179' title='bbox 420 2772 626 2869; x_wconf 91' lang='lat' dir='ltr'>symbolum</span> <span class='ocrx_word' id='word_1_180' title='bbox 646 2767 793 2843; x_wconf 84' lang='lat' dir='ltr'>Bubasrs</span> <span class='ocrx_word' id='word_1_181' title='bbox 815 2789 854 2843; x_wconf 91' lang='lat' dir='ltr'>et</span> <span class='ocrx_word' id='word_1_182' title='bbox 872 2771 1065 2864; x_wconf 77' lang='lat' dir='ltr'>Busiridis,</span> <span class='ocrx_word' id='word_1_183' title='bbox 1095 2778 1184 2867; x_wconf 89' lang='lat' dir='ltr'>bos,</span> <span class='ocrx_word' id='word_1_184' title='bbox 1206 2764 1284 2841; x_wconf 79' lang='lat' dir='ltr'>sive</span> <span class='ocrx_word' id='word_1_185' title='bbox 1304 2764 1476 2860; x_wconf 75' lang='lat' dir='ltr'>Mnevis,</span> 
     </span>
    </p>
   </div>
   <div class='ocr_carea' id='block_1_5' title="bbox 103 2859 1598 3905">
    <p class='ocr_par' dir='ltr' id='par_1_9' title="bbox 103 2859 1598 3905">
     <span class='ocr_line' id='line_1_24' title="bbox 174 2859 1566 2977; baseline -0.006 -28"><span class='ocrx_word' id='word_1_186' title='bbox 174 2872 408 2977; x_wconf 75' lang='lat' dir='ltr'>Jiieiiopoiis,</span> <span class='ocrx_word' id='word_1_187' title='bbox 436 2896 530 2973; x_wconf 89' lang='lat' dir='ltr'>quae</span> <span class='ocrx_word' id='word_1_188' title='bbox 551 2873 721 2949; x_wconf 81' lang='lat' dir='ltr'>civitates</span> <span class='ocrx_word' id='word_1_189' title='bbox 744 2882 953 2971; x_wconf 72' lang='lat' dir='ltr'>ugentes,</span> <span class='ocrx_word' id='word_1_190' title='bbox 977 2867 1107 2949; x_wconf 83' lang='lat' dir='ltr'>Isidem</span> <span class='ocrx_word' id='word_1_191' title='bbox 1130 2885 1167 2949; x_wconf 90' lang='lat' dir='ltr'>et</span> <span class='ocrx_word' id='word_1_192' title='bbox 1181 2862 1384 2962; x_wconf 74' lang='lat' dir='ltr'>Osiridem,</span> <span class='ocrx_word' id='word_1_193' title='bbox 1407 2859 1480 2941; x_wconf 86' lang='lat' dir='ltr'>sub</span> <span class='ocrx_word' id='word_1_194' title='bbox 1532 2866 1537 2875; x_wconf 78' lang='grc'>’</span> <span class='ocrx_word' id='word_1_195' title='bbox 1562 2958 1566 2965; x_wconf 25' lang='lat'><strong>¹</strong></span> 
     </span>
     <span class='ocr_line' id='line_1_25' title="bbox 179 2960 1484 3079; baseline -0.005 -26"><span class='ocrx_word' id='word_1_196' title='bbox 179 2977 316 3055; x_wconf 91' lang='lat' dir='ltr'>horum</span> <span class='ocrx_word' id='word_1_197' title='bbox 343 2977 552 3055; x_wconf 87' lang='lat' dir='ltr'>animalium</span> <span class='ocrx_word' id='word_1_198' title='bbox 572 2968 699 3079; x_wconf 87' lang='lat' dir='ltr'>figuris</span> <span class='ocrx_word' id='word_1_199' title='bbox 721 2973 1001 3063; x_wconf 79' lang='lat' dir='ltr'>venerabantur.</span> <span class='ocrx_word' id='word_1_200' title='bbox 1051 2974 1280 3077; x_wconf 81' lang='lat' dir='ltr'>Memphitae</span> <span class='ocrx_word' id='word_1_201' title='bbox 1300 2992 1351 3054; x_wconf 76' lang='lat' dir='ltr'>,ex</span> <span class='ocrx_word' id='word_1_202' title='bbox 1376 2960 1484 3046; x_wconf 82' lang='lat' dir='ltr'>Isidis</span> 
     </span>
     <span class='ocr_line' id='line_1_26' title="bbox 181 3069 1588 3175; baseline -0.008 -16"><span class='ocrx_word' id='word_1_203' title='bbox 181 3098 218 3159; x_wconf 90' lang='lat' dir='ltr'>et</span> <span class='ocrx_word' id='word_1_204' title='bbox 235 3077 389 3160; x_wconf 81' lang='lat' dir='ltr'>Osiridis</span> <span class='ocrx_word' id='word_1_205' title='bbox 404 3086 529 3156; x_wconf 92' lang='lat' dir='ltr'>nomis</span> <span class='ocrx_word' id='word_1_206' title='bbox 545 3082 731 3175; x_wconf 89' lang='lat' dir='ltr'>concreti,</span> <span class='ocrx_word' id='word_1_207' title='bbox 755 3073 821 3152; x_wconf 89' lang='lat' dir='ltr'>sub</span> <span class='ocrx_word' id='word_1_208' title='bbox 839 3100 858 3151; x_wconf 92' lang='lat' dir='ltr'>a</span> <span class='ocrx_word' id='word_1_209' title='bbox 883 3077 952 3156; x_wconf 89' lang='lat' dir='ltr'>idis</span> <span class='ocrx_word' id='word_1_210' title='bbox 967 3072 1161 3158; x_wconf 81' lang='lat' dir='ltr'>simulacro</span> <span class='ocrx_word' id='word_1_211' title='bbox 1179 3096 1376 3175; x_wconf 81' lang='lat' dir='ltr'>utrumque</span> <span class='ocrx_word' id='word_1_212' title='bbox 1394 3069 1480 3149; x_wconf 89' lang='lat' dir='ltr'>Nu·</span> <span class='ocrx_word' id='word_1_213' title='bbox 1553 3127 1556 3133; x_wconf 85' lang='lat'>-</span> <span class='ocrx_word' id='word_1_214' title='bbox 1585 3112 1588 3116; x_wconf 95' lang='lat'>·</span> 
     </span>
     <span class='ocr_line' id='line_1_27' title="bbox 181 3172 1535 3284; baseline -0.004 -24"><span class='ocrx_word' id='word_1_215' title='bbox 181 3210 269 3263; x_wconf 90' lang='lat' dir='ltr'>men</span> <span class='ocrx_word' id='word_1_216' title='bbox 288 3184 471 3265; x_wconf 82' lang='lat' dir='ltr'>colebabt.</span> <span class='ocrx_word' id='word_1_217' title='bbox 534 3183 591 3259; x_wconf 87' lang='lat' dir='ltr'>Ex</span> <span class='ocrx_word' id='word_1_218' title='bbox 611 3182 669 3258; x_wconf 90' lang='lat' dir='ltr'>his</span> <span class='ocrx_word' id='word_1_219' title='bbox 691 3184 830 3282; x_wconf 89' lang='lat' dir='ltr'>praemi</span> <span class='ocrx_word' id='word_1_220' title='bbox 859 3204 892 3257; x_wconf 83' lang='lat' dir='ltr'>rs</span> <span class='ocrx_word' id='word_1_221' title='bbox 920 3181 1035 3261; x_wconf 91' lang='lat' dir='ltr'>modo</span> <span class='ocrx_word' id='word_1_222' title='bbox 1060 3189 1251 3284; x_wconf 86' lang='lat' dir='ltr'>conjicere</span> <span class='ocrx_word' id='word_1_223' title='bbox 1274 3172 1481 3282; x_wconf 72' lang='lat' dir='ltr'>possumus,</span> <span class='ocrx_word' id='word_1_224' title='bbox 1521 3180 1535 3281; x_wconf 64' lang='lat' dir='ltr'><em>J</em></span> 
     </span>
     <span class='ocr_line' id='line_1_28' title="bbox 183 3282 1556 3391; baseline -0.01 -26"><span class='ocrx_word' id='word_1_225' title='bbox 183 3312 276 3388; x_wconf 88' lang='lat' dir='ltr'>quae</span> <span class='ocrx_word' id='word_1_226' title='bbox 299 3287 411 3365; x_wconf 85' lang='lat' dir='ltr'>fuerit</span> <span class='ocrx_word' id='word_1_227' title='bbox 430 3292 555 3384; x_wconf 84' lang='lat' dir='ltr'>ratio,</span> <span class='ocrx_word' id='word_1_228' title='bbox 573 3308 639 3361; x_wconf 89' lang='lat' dir='ltr'>cur</span> <span class='ocrx_word' id='word_1_229' title='bbox 658 3282 793 3362; x_wconf 88' lang='lat' dir='ltr'>Aaron</span> <span class='ocrx_word' id='word_1_230' title='bbox 810 3283 986 3374; x_wconf 90' lang='lat' dir='ltr'>vitulum,</span> <span class='ocrx_word' id='word_1_231' title='bbox 1015 3287 1060 3364; x_wconf 90' lang='lat' dir='ltr'>ad</span> <span class='ocrx_word' id='word_1_232' title='bbox 1081 3288 1195 3391; x_wconf 86' lang='lat' dir='ltr'>apidis</span> <span class='ocrx_word' id='word_1_233' title='bbox 1215 3288 1482 3391; x_wconf 79' lang='lat' dir='ltr'>imitationem,</span> <span class='ocrx_word' id='word_1_234' title='bbox 1546 3342 1556 3351; x_wconf 89' lang='lat'>.</span> 
     </span>
     <span class='ocr_line' id='line_1_29' title="bbox 181 3378 1598 3492; baseline -0.003 -27"><span class='ocrx_word' id='word_1_235' title='bbox 181 3389 414 3469; x_wconf 79' lang='lat' dir='ltr'>fabrefecerit</span> <span class='ocrx_word' id='word_1_236' title='bbox 441 3406 478 3467; x_wconf 89' lang='lat' dir='ltr'>et</span> <span class='ocrx_word' id='word_1_237' title='bbox 503 3384 643 3492; x_wconf 89' lang='lat' dir='ltr'>populo</span> <span class='ocrx_word' id='word_1_238' title='bbox 670 3384 904 3488; x_wconf 68' lang='lat' dir='ltr'>spectandum</span> <span class='ocrx_word' id='word_1_239' title='bbox 930 3389 1148 3469; x_wconf 84' lang='lat' dir='ltr'>exhibuerit.</span> <span class='ocrx_word' id='word_1_240' title='bbox 1214 3388 1382 3464; x_wconf 83' lang='lat' dir='ltr'>Maxima</span> <span class='ocrx_word' id='word_1_241' title='bbox 1402 3378 1485 3461; x_wconf 85' lang='lat' dir='ltr'>ime</span> <span class='ocrx_word' id='word_1_242' title='bbox 1595 3416 1598 3421; x_wconf 91' lang='lat'>·</span> 
     </span>
     <span class='ocr_line' id='line_1_30' title="bbox 103 3485 1486 3670; baseline -0.003 -102"><span class='ocrx_word' id='word_1_243' title='bbox 103 3518 107 3522; x_wconf 90' lang='lat'>·</span> <span class='ocrx_word' id='word_1_244' title='bbox 184 3491 296 3568; x_wconf 88' lang='lat' dir='ltr'>dubio</span> <span class='ocrx_word' id='word_1_245' title='bbox 316 3500 437 3595; x_wconf 81' lang='lat' dir='ltr'>gentis</span> <span class='ocrx_word' id='word_1_246' title='bbox 461 3518 546 3597; x_wconf 88' lang='lat' dir='ltr'>pars</span> <span class='ocrx_word' id='word_1_247' title='bbox 569 3516 617 3567; x_wconf 88' lang='lat' dir='ltr'>ex</span> <span class='ocrx_word' id='word_1_248' title='bbox 638 3489 925 3670; x_wconf 66' lang='lat' dir='ltr'>Memphitatum</span> <span class='ocrx_word' id='word_1_249' title='bbox 946 3500 1070 3573; x_wconf 90' lang='lat' dir='ltr'>nomis</span> <span class='ocrx_word' id='word_1_250' title='bbox 1083 3491 1247 3595; x_wconf 90' lang='lat' dir='ltr'>vndique</span> <span class='ocrx_word' id='word_1_251' title='bbox 1264 3485 1486 3568; x_wconf 87' lang='lat' dir='ltr'>confluente</span> 
     </span>
     <span class='ocr_line' id='line_1_31' title="bbox 181 3589 1530 3697; baseline 0.001 -29"><span class='ocrx_word' id='word_1_252' title='bbox 181 3594 307 3695; x_wconf 86' lang='lat' dir='ltr'>plebe,</span> <span class='ocrx_word' id='word_1_253' title='bbox 332 3595 515 3691; x_wconf 85' lang='lat' dir='ltr'>constitit,</span> <span class='ocrx_word' id='word_1_254' title='bbox 541 3616 635 3696; x_wconf 87' lang='lat' dir='ltr'>quae</span> <span class='ocrx_word' id='word_1_255' title='bbox 648 3589 712 3697; x_wconf 89' lang='lat' dir='ltr'>spe</span> <span class='ocrx_word' id='word_1_256' title='bbox 744 3593 852 3671; x_wconf 86' lang='lat' dir='ltr'>ursan</span> <span class='ocrx_word' id='word_1_257' title='bbox 873 3596 1039 3677; x_wconf 90' lang='lat' dir='ltr'>melioris</span> <span class='ocrx_word' id='word_1_258' title='bbox 1057 3592 1396 3697; x_wconf 76' lang='lat' dir='ltr'>fortunaeiastata,</span> <span class='ocrx_word' id='word_1_259' title='bbox 1419 3590 1487 3670; x_wconf 89' lang='lat' dir='ltr'>vel</span> <span class='ocrx_word' id='word_1_260' title='bbox 1525 3662 1530 3669; x_wconf 88' lang='grc'><em>,</em></span> 
     </span>
     <span class='ocr_line' id='line_1_32' title="bbox 181 3694 1571 3806; baseline 0.003 -36"><span class='ocrx_word' id='word_1_261' title='bbox 181 3699 363 3776; x_wconf 85' lang='lat' dir='ltr'>miraculis</span> <span class='ocrx_word' id='word_1_262' title='bbox 384 3723 405 3775; x_wconf 89' lang='lat' dir='ltr'>a</span> <span class='ocrx_word' id='word_1_263' title='bbox 422 3696 531 3776; x_wconf 88' lang='lat' dir='ltr'>Mose</span> <span class='ocrx_word' id='word_1_264' title='bbox 556 3694 686 3792; x_wconf 66' lang='lat' dir='ltr'>editu,</span> <span class='ocrx_word' id='word_1_265' title='bbox 710 3714 897 3798; x_wconf 89' lang='lat' dir='ltr'>permota,</span> <span class='ocrx_word' id='word_1_266' title='bbox 918 3698 1111 3805; x_wconf 84' lang='lat' dir='ltr'>israelitas,</span> <span class='ocrx_word' id='word_1_267' title='bbox 1141 3706 1205 3806; x_wconf 83' lang='lat' dir='ltr'>qui</span> <span class='ocrx_word' id='word_1_268' title='bbox 1224 3708 1266 3781; x_wconf 89' lang='lat' dir='ltr'>in</span> <span class='ocrx_word' id='word_1_269' title='bbox 1284 3695 1385 3779; x_wconf 84' lang='lat' dir='ltr'>hisce</span> <span class='ocrx_word' id='word_1_270' title='bbox 1410 3719 1488 3791; x_wconf 81' lang='lat' dir='ltr'>no·</span> <span class='ocrx_word' id='word_1_271' title='bbox 1505 3739 1524 3756; x_wconf 92' lang='lat'>·-</span> <span class='ocrx_word' id='word_1_272' title='bbox 1569 3704 1571 3711; x_wconf 87' lang='lat'>&#39;</span> 
     </span>
     <span class='ocr_line' id='line_1_33' title="bbox 171 3797 1429 3905; baseline 0.006 -29"><span class='ocrx_word' id='word_1_273' title='bbox 171 3804 253 3877; x_wconf 84' lang='lat' dir='ltr'>mis</span> <span class='ocrx_word' id='word_1_274' title='bbox 274 3798 337 3877; x_wconf 90' lang='lat' dir='ltr'>diu</span> <span class='ocrx_word' id='word_1_275' title='bbox 359 3821 465 3881; x_wconf 89' lang='lat' dir='ltr'>eraut</span> <span class='ocrx_word' id='word_1_276' title='bbox 482 3799 633 3899; x_wconf 90' lang='lat' dir='ltr'>versati,</span> <span class='ocrx_word' id='word_1_277' title='bbox 657 3797 787 3905; x_wconf 87' lang='lat' dir='ltr'>sponte</span> <span class='ocrx_word' id='word_1_278' title='bbox 801 3800 924 3884; x_wconf 87' lang='lat' dir='ltr'>secuta</span> <span class='ocrx_word' id='word_1_279' title='bbox 940 3801 1001 3883; x_wconf 88' lang='lat' dir='ltr'>est.</span> <span class='ocrx_word' id='word_1_280' title='bbox 1281 3839 1283 3844; x_wconf 94' lang='lat'>·</span> <span class='ocrx_word' id='word_1_281' title='bbox 1423 3836 1429 3843; x_wconf 89' lang='lat'>·</span> 
     </span>
    </p>
   </div>
   <div class='ocr_carea' id='block_1_6' title="bbox 1362 3919 1518 4039">
    <p class='ocr_par' dir='ltr' id='par_1_10' title="bbox 1362 3919 1518 4039">
     <span class='ocr_line' id='line_1_34' title="bbox 1362 3919 1518 4039; baseline -0.071 0"><span class='ocrx_word' id='word_1_282' title='bbox 1362 3919 1518 4039; x_wconf 60' lang='lat' dir='ltr'>bu</span> 
     </span>
    </p>
   </div>
   <div class='ocr_carea' id='block_1_7' title="bbox 192 4060 1576 4191">
    <p class='ocr_par' dir='ltr' id='par_1_11' title="bbox 192 4060 1576 4191">
     <span class='ocr_line' id='line_1_35' title="bbox 192 4060 1576 4191; baseline -0.001 -45"><span class='ocrx_word' id='word_1_283' title='bbox 192 4082 341 4164; x_wconf 60' lang='lat' dir='ltr'>mirisa</span> <span class='ocrx_word' id='word_1_284' title='bbox 362 4084 404 4153; x_wconf 85' lang='lat' dir='ltr'>de</span> <span class='ocrx_word' id='word_1_285' title='bbox 425 4093 484 4158; x_wconf 74' lang='lat' dir='ltr'>Vre</span> <span class='ocrx_word' id='word_1_286' title='bbox 507 4060 597 4161; x_wconf 24' lang='lat' dir='ltr'>Mos,</span> <span class='ocrx_word' id='word_1_287' title='bbox 620 4119 649 4186; x_wconf 92' lang='lat' dir='ltr'>p.</span> <span class='ocrx_word' id='word_1_288' title='bbox 664 4100 740 4184; x_wconf 82' lang='lat'><strong>677.</strong></span> <span class='ocrx_word' id='word_1_289' title='bbox 766 4097 880 4189; x_wconf 84' lang='lat' dir='ltr'>aliique</span> <span class='ocrx_word' id='word_1_290' title='bbox 902 4095 991 4161; x_wconf 74' lang='lat' dir='ltr'>citati</span> <span class='ocrx_word' id='word_1_291' title='bbox 1009 4112 1031 4158; x_wconf 81' lang='lat' dir='ltr'>a</span> <span class='ocrx_word' id='word_1_292' title='bbox 1046 4093 1191 4159; x_wconf 59' lang='lat' dir='ltr'>bochart.</span> <span class='ocrx_word' id='word_1_293' title='bbox 1204 4087 1343 4150; x_wconf 62' lang='lat' dir='ltr'>Uib-ut·</span> <span class='ocrx_word' id='word_1_294' title='bbox 1359 4096 1512 4168; x_wconf 59' lang='lat' dir='ltr'>pun-ato.</span> <span class='ocrx_word' id='word_1_295' title='bbox 1551 4138 1576 4191; x_wconf 29' lang='grc' dir='ltr'>Ι,</span> 
     </span>
    </p>
   </div>
   <div class='ocr_carea' id='block_1_8' title="bbox 79 4176 1389 4367">
    <p class='ocr_par' dir='ltr' id='par_1_12' title="bbox 79 4176 1389 4367">
     <span class='ocr_line' id='line_1_36' title="bbox 79 4176 1295 4291; baseline -0.044 -6"><span class='ocrx_word' id='word_1_296' title='bbox 79 4194 86 4203; x_wconf 46' lang='grc'><strong>’</strong></span> <span class='ocrx_word' id='word_1_297' title='bbox 146 4212 208 4291; x_wconf 59' lang='grc' dir='ltr'><em>ἠ</em></span> <span class='ocrx_word' id='word_1_298' title='bbox 222 4186 256 4229; x_wconf 67' lang='lat'>⁰²</span> <span class='ocrx_word' id='word_1_299' title='bbox 278 4176 439 4282; x_wconf 44' lang='lat' dir='ltr'>dp‘ffm</span> <span class='ocrx_word' id='word_1_300' title='bbox 455 4182 495 4246; x_wconf 41' lang='grc' dir='ltr'>δι’</span> <span class='ocrx_word' id='word_1_301' title='bbox 514 4182 613 4269; x_wconf 63' lang='lat' dir='ltr'>A‘gfb·</span> <span class='ocrx_word' id='word_1_302' title='bbox 627 4187 735 4259; x_wconf 71' lang='lat' dir='ltr'>eitun.</span> <span class='ocrx_word' id='word_1_303' title='bbox 761 4192 863 4262; x_wconf 72' lang='lat' dir='ltr'>Hebe.</span> <span class='ocrx_word' id='word_1_304' title='bbox 883 4186 999 4254; x_wconf 66' lang='lat' dir='ltr'>tint„</span> <span class='ocrx_word' id='word_1_305' title='bbox 1027 4178 1145 4263; x_wconf 67' lang='lat' dir='ltr'>Cupi.</span> <span class='ocrx_word' id='word_1_306' title='bbox 1162 4187 1295 4262; x_wconf 56' lang='lat' dir='ltr'>papas.</span> 
     </span>
     <span class='ocr_line' id='line_1_37' title="bbox 195 4259 1389 4367; baseline -0.048 7"><span class='ocrx_word' id='word_1_307' title='bbox 195 4259 599 4367; x_wconf 33' lang='lat' dir='ltr'>imam&amp;</span> <span class='ocrx_word' id='word_1_308' title='bbox 1385 4312 1389 4317; x_wconf 84' lang='grc'><strong>,</strong></span> 
     </span>
    </p>
   </div>
   <div class='ocr_carea' id='block_1_9' title="bbox 0 0 1713 4476">
    <p class='ocr_par' dir='ltr' id='par_1_13' title="bbox 0 0 1713 4476">
     <span class='ocr_line' id='line_1_38' title="bbox 0 0 1713 4476; baseline 0 0"><span class='ocrx_word' id='word_1_309' title='bbox 0 0 1713 4476; x_wconf 95' lang='lat' dir='ltr'> </span> 
     </span>
    </p>
   </div>
  </div>
 </body>
</html>
