3390 4476
169 366 218 455 36
272 374 383 436 sset.
407 332 447 429 ν’.
485 367 540 426 an
563 366 727 425 cvrsvs
750 363 992 425 anrnrrrvn
1015 366 1222 426 orrrrrar
1246 374 1295 428 as
1319 372 1432 437 roos.
1502 350 1507 355 ’

178 555 356 632 homines
385 545 570 629 madandi
594 552 727 645 ritum,
751 545 816 624 seu
836 546 1128 647 ανθρωποθυσιαν,
1153 553 1251 626 inter
1272 548 1492 652 Aegyptios

177 680 345 755 unquam
374 650 441 730 vsu
467 666 658 753 receptum
684 647 753 727 effe
772 656 831 750 *),
873 646 935 726 sed
961 676 1010 729 ex
1040 652 1117 728 aliis
1145 649 1381 757 scriptoribus
1409 648 1493 733 fide

179 757 302 860 dignis
333 756 452 857 palam
473 752 525 831 est
549 770 588 831 et
617 750 797 837 testatum.
831 749 1126 856 ¹vestigia-enim
1146 755 1347 833 execrandi
1371 756 1494 855 hujus
1579 810 1582 815 -
1638 803 1641 809 ·

178 859 271 937 sacri
295 858 389 960 apud
409 860 642 960 Aegyptios,
685 862 727 935 in
747 854 985 935 vidimarum
1013 852 1131 1036 sipillo
1158 852 1322 935 manfiffe
1351 859 1495 939 viden·

180 980 244 1041 tur
264 962 323 1061 ss)
355 958 559 1037 sacerdotes
582 958 720 1037 bovem
740 953 1007 1037 immolandum
1046 959 1149 1059 rgillo
1170 957 1343 1061 impresso
1374 978 1495 1043 nota-

143 1065 280 1165 'bant
330 1066 373 1141 ln
396 1060 578 1165 sculptura
599 1076 722 1139 autem
740 1058 867 1161 sigilli,
900 1075 944 1137 vt
967 1064 1091 1139 retulit
1109 1059 1261 1159 Castor,
1298 1071 1496 1167 exprime·

180 1167 290 1245 batur
309 1169 426 1244 homo
446 1171 485 1239 in
508 1188 630 1267 genua
645 1158 826 1262 defluens,
852 1164 1021 1243 manibus
1066 1161 1124 1244 ost
1140 1180 1285 1269 tergum
1301 1167 1494 1275 dedudlis,

182 1269 268 1349 ense
290 1269 419 1369 iugulo
439 1274 669 1358 imminente
718 1265 1024 1345 Abominandum
1042 1190 1147 1346 bunc
1162 1275 1294 1367 ritum,
1323 1271 1498 1358 humana

182 1372 290 1451 idolis
310 1370 527 1449 immolandi
546 1364 741 1469 sacrificia,
780 1365 921 1469 sustulit
938 1365 1110 1467 Amosrs,
1143 1369 1377 1473 totidemque
1398 1384 1517 1461 ima..

181 1478 499 1578 gineshominum
517 1496 641 1551 cereas
656 1470 911 1573 magnitudine
922 1472 994 1549 illis
1008 1473 1176 1575 aequales
1190 1472 1379 1557 substituit
1392 1482 1499 1585 ffl),

184 1582 506 1682 supervacaneum
528 1574 566 1652 id
595 1572 735 1674 suiffet,
770 1568 838 1651 nisr
865 1590 1044 1652 cruentae
1075 1576 1273 1655 hominum
1299 1582 1499 1689 vifflmae,

184 1682 230 1761 ab
254 1689 405 1780 antiquo
434 1684 534 1757 inter
549 1679 769 1783 Aegyptios
792 1670 942 1755 futilem
963 1672 1135 1777 nfinne,
1174 1703 1335 1780 quarum
1360 1684 1497 1795 Orig1.

184 1784 273 1863 nem
295 1786 476 1886 plerisque
496 1782 689 1883 hucusque
709 1775 956 1885 obsignatam,
990 1778 1175 1886 detegere,
1201 1791 1280 1862 mei
1302 1813 1388 1871 non
1406 1818 1513 1899 per..

184 1895 294 1967 mittit
314 1885 471 1964 instituti
493 1890 600 1963 ratio.

246 2088 257 2109 ,
383 2090 391 2104 .
766 2017 799 2126 l·
851 2046 903 2116 4¹·

259 2139 492 2219 Animalibus
511 2136 633 2238 sacris,
654 2140 765 2237 hujus
789 2148 937 2240 generis
955 2137 1142 2243 sacrificia,
1170 2149 1274 2251 quod
1295 2149 1387 2255 scio,
1409 2178 1490 2233 non

185 2242 270 2324 sunt
286 2243 388 2321 fabia.
437 2243 477 2318 ld
494 2267 541 2318 ex
555 2259 725 2320 veterum
739 2241 879 2347 scriptis
894 2252 1002 2342 novi,
1022 2250 1188 2331 animalia
1203 2256 1289 2355 illis,
1316 2276 1358 2338 vt
1378 2256 1481 2359 apidi,

176 2349 337 2452 'publico
367 2347 564 2422 hominum
595 2348 809 2444 conventu,
852 2343 923 2424 elle
950 2346 1158 2430 sacrificata.
1241 2359 1364 2437 Boves
1393 2359 1483 2433 baec

188 2468 294 2530 erant
318 2446 508 2545 sacrificia,
546 2455 612 2550 qui
642 2448 802 2526 adhibita
828 2451 1084 2552 exploratione
1114 2465 1200 2559 puri
1232 2458 1486 2563 deprehende·

188 2555 321 2631 bantur
340 2560 395 2653 †),
426 2546 525 2652 quasr
552 2551 651 2631 bove
675 2553 889 2650 immolato,
930 2556 1073 2657 placare
1090 2560 1231 2639 bovem
1260 2558 1485 2656 studuissent,

188 2683 284 2758 quos
307 2658 472 2734 honores
490 2674 615 2732 tamen
636 2654 710 2756 ipse
727 2655 941 2759 dedignatus
959 2658 1010 2735 est
1031 2668 1107 2764 apis
1127 2657 1214 2766 ω.)
1245 2666 1343 2759 Quia
1363 2658 1391 2733 fi
1413 2660 1482 2732 sci-

186 2756 305 2857 visset,
322 2760 391 2835 hos
407 2755 566 2834 nonsibi
579 2760 745 2835 bonores
762 2775 799 2833 et
815 2760 995 2858 villimas
1020 2761 1081 2838 led
1100 2767 1163 2858 ἰΙῑί,Ι
1181 2767 1286 2859 cujus
1298 2765 1386 2834 viva
1399 2772 1483 2833 erat

186 2872 329 2967 imago,
368 2859 505 2937 offerri.
565 2855 768 2961 Dedignari
791 2864 892 2935 enim
914 2884 995 2937 non
1018 2862 1211 2964 potuillet,
1247 2856 1384 2936 srtalia
1413 2853 1520 2935 fibi.

187 2978 453 3070 competerent.
511 2963 571 3037 De
593 2967 701 3037 etiam
724 2962 822 3059 aliis,
855 2986 947 3063 quae
970 2985 1118 3067 praeter
1145 2990 1207 3064 ea,
1247 2960 1365 3041 bestiis
1386 2956 1487 3038 fadis

185 3068 281 3167 sunt,
297 3061 491 3146 'sacrifieiis
506 3063 604 3141 idem
625 3061 858 3141 sentiendum
870 3066 1007 3164 judico,
1060 3070 1169 3168 Quae
1186 3092 1273 3145 cum
1293 3061 1397 3144 itale
1417 3064 1488 3140 ha·
1570 3146 1585 3159 ,

186 3176 314 3271 beant,
347 3178 414 3250 vix
435 3170 548 3245 vllum
570 3166 729 3270 superest
755 3166 926 3267 dubium,
950 3174 1162 3251 animalium
1185 3174 1324 3250 cultum
1345 3165 1388 3244 ab
1409 3165 1491 3269 ipsa
1555 3248 1566 3259 ,
1636 3200 1639 3205 ·

185 3277 402 3368 idololatria,
429 3277 533 3371 cujus
553 3287 673 3375 partes
695 3267 896 3348 ellentiales
916 3291 1022 3354 erant
1044 3291 1082 3356 el
1096 3272 1355 3356 constitutivae
1372 3269 1489 3351 saeri-
1513 3278 1519 3287 '
1653 3284 1657 3291 '

186 3375 288 3476 ficia,
321 3380 434 3479 longe
457 3370 560 3451 luille
586 3372 771 3452 diversum
799 3378 887 3476 m).

761 3529 794 3634 l·
844 3557 896 3625 42·

118 3698 122 3707 ·
264 3665 352 3743 Hoc
374 3661 567 3741 discrimen
591 3667 688 3740 inter
711 3660 811 3741 idola
835 3681 873 3744 et
892 3668 1104 3761 animalium
1130 3666 1320 3747 simulacra
1345 3678 1382 3742 et
1408 3668 1494 3743 cul-
1525 3704 1530 3711 ·
1639 3714 1649 3727 ·

188 3784 296 3879 rums
313 3792 424 3868 quem
444 3769 513 3844 iilis
532 3764 781 3869 praestabant,
807 3796 888 3849 non
911 3778 1035 3889 minus
1058 3771 1185 3852 videre
1208 3770 1262 3851 est
1285 3797 1335 3849 ex
1354 3767 1493 3848 funere

1192 3910 1197 3918 ·
1452 3889 1494 3954 et

204 3999 246 4074 ⁴)
266 4002 334 4063 [ὦ.
351 4006 391 4064 Π.
417 4007 487 4086 Cap.
504 4022 557 4085 45.
794 4009 854 4096 Ν)
873 4009 1103 4078 ulularenub.
1118 4012 1169 4075 or.
1188 4014 1333 4090 uas-abs.

138 4170 142 4174 ,
193 4081 273 4156 m)
297 4089 471 4157 Marsbam.
496 4102 618 4163 Canon.
644 4099 762 4165 chron.
793 4124 865 4189 neg.
880 4120 945 4181 317.
1488 4106 1491 4111 '

179 4168 217 4245 Τ)
239 4174 401 4242 Heroden
428 4186 557 4255 Libii.
584 4192 664 4279 Cap.
685 4202 732 4264 38.
807 4193 868 4278 ἡ)
889 4180 1170 4258 virtutemnon
1178 4174 1499 4252 Cleomenem&
1617 4282 1622 4289 ι

165 4251 249 4335 rii)
271 4258 438 4341 alarum
459 4276 535 4344 ru.
555 4282 611 4345 en.
645 4300 720 4370 pag.
737 4290 808 4358 302.
