3390 4476
393 321 1290 394 rxnrorrmorvurrrarronruvsss
1452 330 1575 416 61sp
1669 324 1672 329 ’

190 510 314 619 Reges
336 512 500 617 pastores
522 512 688 614 Aegypti
711 516 921 613 provincias
952 527 1130 614 oeperunt
1158 518 1357 614 earumque
1386 516 1489 615 priti-

192 627 294 719 eipes
310 619 520 718 adliganter,
545 623 711 705 civitates
727 615 924 693 crudeliter
937 615 1184 692 incenderunt
1198 633 1237 692 et
1253 641 1340 716 erga
1355 622 1488 695 omnes
1592 652 1596 658 ·

126 744 135 807 j
191 721 439 822 provinelales
458 719 493 799 se
516 715 759 811 inimiciffime
781 712 975 819 gellerunt.
1007 719 1180 819 Typhon
1201 726 1379 794 continua
1400 740 1488 795 cum
1555 779 1559 786 .

190 821 361 924 Aegypti
384 819 622 924 praefeeturis
645 820 741 897 bella
771 816 903 919 geffit,
927 818 1048 922 Reges
1078 818 1241 923 pallores
1268 819 1490 897 debellantes
1639 856 1642 861 ·

193 925 338 1025 [emper
370 940 409 1016 er
439 931 600 1000 maxime
628 924 796 1023 Aegypti
826 921 1002 1029 radicem¹
1019 939 1207 1023 amputare
1239 927 1365 999 conati
1394 919 1488 1000 sune
1609 919 1613 927 ’

192 1024 396 1128 Typhonis
412 1021 629 1128 praesidium
644 1040 721 1101 erat
735 1023 870 1125 Avaris
887 1030 928 1100 in
945 1021 1172 1125 praefedlura
1195 1025 1308 1120 Saite,
1341 1021 1487 1123 Regum

22 1126 27 1133 ’
189 1127 377 1232 pastorum
390 1129 507 1225 Saltis,
528 1127 626 1203 hane
643 1132 830 1204 civitatem
852 1123 905 1201 est
922 1122 1118 1211 fabricatus
1136 1141 1174 1201 et
1188 1130 1355 1204 maximis
1368 1131 1488 1202 muris

190 1237 364 1321 munivit.
415 1228 590 1328 Typhon
609 1233 650 1303 in
669 1225 845 1305 conflidlu
866 1228 981 1323 Hori,
1008 1251 1094 1303 cum
1114 1224 1185 1304 suis
1207 1233 1247 1302 in
1266 1227 1388 1305 laeum
1404 1227 1487 1301 Sar·

191 1326 385 1435 bonidem,
409 1353 526 1430 prope
535 1327 705 1426 Avarim,
728 1329 766 1406 le
781 1334 929 1429 recepit.
977 1329 1095 1429 Reges
1138 1326 1274 1405 astores
1287 1354 1308 1406 a
1323 1324 1487 1428 Regibus

70 1482 74 1489 -
175 1431 399 1511 'Thebaldis
427 1431 524 1506 Hori
548 1426 814 1507 confaederatis
842 1443 880 1505 et
909 1428 1069 1528 reliquae
1132 1436 1280 1531 egypti,
1320 1428 1487 1506 debellati

12 1598 17 1605 .
192 1532 371 1636 Aegypto
384 1529 539 1634 perdita,
561 1530 769 1608 inAvarim
787 1528 824 1606 se
842 1528 1076 1607 incluserunt.
1124 1531 1297 1632 Typhon
1312 1531 1358 1608 ab
1373 1530 1484 1608 Horo

10 1632 54 1733 ἵζ’
193 1641 233 1713 vi
256 1637 511 1739 expugnatus,
549 1627 729 1710 obsidium
757 1629 969 1733 desperans,
1008 1628 1266 1732 polleffionem
1295 1659 1345 1710 ex
1370 1631 1486 1733 padlis
1554 1708 1557 1713 .

122 1857 125 1863 ·
188 1745 387 1918 itt-lli
401 1732 1484 1916 hildilidqlitiddidiildfflie}lli·

123 1946 126 1951 ’
189 1942 394 2021 vilioribus
412 1862 594 2038 feegerunr,
621 1956 663 2017 vt
682 1894 833 2018 abirend.
862 1998 866 2007 .
884 1938 1057 2041 Typhon
1071 1932 1172 2016 asmo
1188 1861 1315 2017 vinds
1338 1954 1375 2015 et
1396 1936 1484 2015 exul

99 2134 108 2145 ,Ι
167 2041 286 2126 ‚filios
315 2049 446 2144 genuit
467 2043 643 2121 Iudaeum
673 2061 713 2121 et
737 2038 1050 2142 Hierosolymum.
1108 2038 1229 2143 Reges
1252 2038 1413 2141 pastores
1435 2065 1484 2117 ex

187 2149 367 2252 Aegypto
393 2144 546 2248 profugi
566 2144 636 2222 All
658 2152 800 2243 riorum
818 2148 1024 2245 potentum
1049 2157 1276 2241 metuentes,
1313 2142 1485 2233 Iudaeam

121 2333 138 2347 ,,
187 2268 420 2356 occuparunt
444 2265 483 2327 et
504 2172 806 2352 Hierolblymam
827 2237 1062 2324 aedificarunt
1076 2256 1148 2321 ete.

164 2548 167 2552 ·
209 2552 212 2557 ·
264 2529 368 2610 Haeo
381 2536 527 2627 omnia,
552 2536 682 2635 partim
706 2534 1010 2637 hieroglyphice,
1035 2536 1168 2638 partim
1187 2524 1362 2614 historice
1385 2556 1479 2612 con-

36 2680 40 2685 -
185 2626 317 2731 scripta
337 2638 386 2708 ita
411 2631 642 2734 conspirant,
668 2644 717 2714 'vt
743 2638 835 2713 nihil
859 2635 1075 2715 discriminis
1099 2643 1197 2714 inter
1212 2643 1480 2738 vtrumquein·

100 2742 103 2749 '
187 2731 368 2822 tercedat',
400 2750 438 2805 et
457 2733 765 2826 supervacaneum
786 2737 906 2824 foret,
938 2738 1077 2808 diutius
1099 2739 1168 2809 illis
1187 2746 1388 2818 immorarl.
1439 2735 1483 2831 ld

165 2845 313 2911 -tamen
333 2852 414 2903 non
433 2827 679 2903 omittendum
695 2826 843 2927 censeo,
867 2824 1027 2929 asmum,
1053 2856 1130 2931 quo
1144 2834 1282 2932 aufugit
1293 2836 1484 2935 Typhon,

86 3010 89 3014 ,
188 2950 321 3026 regum
346 2925 790 3031 pastorum‘symbolum,
820 2930 993 3009 colledtrs
1021 2930 1128 3011 fuisse
1149 2932 1319 3013 Arabum
1342 2944 1480 3035 copias,

188 3036 312 3135 quiin
325 3029 504 3131 Aegypto
523 3027 692 3110 Phacufis
712 3030 818 3109 fuere
839 3038 1033 3133 permixti,
1061 3034 1194 3136 quibus
1220 3038 1263 3115 ab
1280 3039 1371 3117 vrbe
1389 3039 1482 3115 Pha·
1564 3045 1571 3054 '

186 3130 285 3231 cusa,
304 3132 476 3209 Straboni
493 3130 688 3229 Phaecula,
705 3159 860 3233 nomen,
882 3161 993 3237 quam
1008 3139 1187 3241 Aegypto
1201 3140 1360 3218 Arabiae
1375 3147 1481 3218 nomi

185 3235 425 3338 Metropolis,
443 3232 486 3310 ad
500 3232 728 3313 bubasticum
743 3236 818 3317 Nili
831 3240 1011 3316 alveuma
1027 3267 1098 3343 qua
1112 3241 1181 3318 fuit
1195 3249 1340 3325 initium
1353 3238 1483 3339 foliae,
1611 3252 1616 3259 '

186 3338 311 3433 aNilo
330 3337 377 3413 ad
391 3360 494 3415 mare
509 3335 663 3417 rubrum
687 3337 815 3418 dutiae
833 3339 897 3420 vbi
916 3340 1119 3420 Abrahami
1133 3343 1270 3447 posteri
1281 3341 1479 3446 fixam-po·

183 3443 259 3521 llea
271 3436 394 3519 sedem
406 3441 588 3516 locarunt.
637 3437 813 3542 Iosephus
826 3440 974 3545 Hyssos
987 3442 1070 3526 suae
1084 3454 1213 3545 gentis·
1221 3455 1481 3551 progenitores

185 3536 278 3642 elle,
304 3537 524 3640 confitetur,
551 3548 616 3641 qui
627 3542 805 3646 Aegypto
825 3546 966 3640 relide,
990 3574 1056 3650 per
1075 3547 1256 3626 desertum
1277 3558 1316 3626 in
1337 3552 1480 3654 Syriam
1631 3618 1634 3627 .

183 3646 222 3725 se
246 3648 487 3729 contulerunt
508 3663 547 3723 et
566 3644 753 3745 Iudaeam,
778 3646 843 3725 vbi
863 3645 1097 3727 nidifi'carunt
1120 3669 1158 3727 et
1179 3650 1482 3756 Hierosolymam

47 3778 51 3785 ·
186 3748 456 3828 exstruxerunt.
502 3749 612 3825 'Sine
637 3748 754 3826 dubio
770 3749 961 3852 ,Dynasta-
980 3753 1056 3829 ille¹
1072 3750 1377 3855 Cananaeorum,
1416 3761 1480 3856 qui

184 3860 303 3956 prima
323 3854 435 3952 hujus
456 3849 557 3929 vrbis
578 3848 818 3932 fundamenta
838 3850 963 3954 jeeille
986 3854 1120 3937 dieitur
1138 3858 1203 3957 ἢ,
1221 3883 1325 3937 unus
1339 3886 1398 3933 es
1409 3857 1494 3930 ‘dhe

113 4010 117 4017 ,
183 3952 375 4060 pallorum
388 3978 505 4060 grege
530 3951 612 4035 fuit
1393 4046 1396 4051 ,

533 4098 538 4105 .
899 4063 998 4159 R,
1431 4038 1480 4129 ξ,
1497 4047 1571 4110 Ἃ·

204 4190 244 4313 ⁸)
259 4192 380 4280 loseph.
404 4196 554 4270 debello
577 4203 700 4277 Iudeis.
727 4206 899 4277 Lib.th
919 4194 1143 4292 Cepisti}-
